2809 4684
275 264 470 335 'suavita
493 282 594 335 urar.
612 284 712 371 ¹reorr.
735 286 810 335 ura.
826 284 910 335 vrrs.
932 286 1014 337 oar.
1033 272 1066 337 l.
1163 268 1231 337 lid

122 423 195 477 sonis
206 438 250 478 sn.
260 426 392 478 Catilium.
404 443 461 493 cap.
475 432 501 479 ⁴.
513 428 606 478 iterum
618 432 657 479 tu·
697 441 747 477 ran
759 428 853 478 Horeo
863 426 1036 477 cromerus
1046 426 1165 477 Diam
1175 440 1231 490 par·

122 503 657 567 runltuVitelliano,Snet.Vitellcapld.
697 504 758 553 iiam
776 504 856 553 etism
874 502 1012 553 dederunt.
1045 502 1125 552 Carta
1142 515 1231 551 omues

122 576 265 627 tertiosub
281 588 390 628 morsum
409 580 568 642 Vespasiani.
585 580 657 630 Soet.
697 582 790 632 Nostri
809 581 892 631 Codd.
910 594 943 630 eo
961 573 1102 643 spectaut3
1122 592 1182 628 osan
1203 580 1231 627 in

122 652 258 703 Domita.
277 654 336 705 Geli.
698 658 782 721 primo
803 671 905 722 quoquc
922 670 971 719 pro
992 656 1093 717 orna,
1112 661 1144 704 ut
1162 654 1232 703 assis

157 728 249 778 Forum
275 730 452 794 mariam]
487 732 562 784 erod
590 745 658 782 nuno
699 734 872 797 Havercamp.
890 732 1231 791 notaverat‚l)ioarsmast=

123 804 337 855 Nervadicitor.
356 806 426 856 Glur.
460 804 549 857 Aurei.
564 807 659 857 Victor
698 803 794 859 ct't‘ere
807 810 897 857 Odeum
909 807 1073 867 deiecissem,
1091 810 1232 869 propterea

122 880 151 929 in
160 880 251 930 Nerva
261 882 371 931 Paulam
385 878 470 945 accit,
481 883 550 947 qnod
560 882 620 931 indo
631 882 658 930 in
697 885 766 948 qnod
780 884 900 935 Pasnios
916 891 1036 934 neutrum
1050 882 1187 945 amarat:
1202 880 1233 929 ii·

121 955 176 1005 tris
185 954 243 1005 fors
262 959 387 1008 transitus
399 959 514 1021 patebat.
548 958 657 1009 Domiti·
696 962 743 1010 lud
754 971 840 1010 tamen
850 960 1002 1009 involastis
1013 957 1079 1008 Edd.
1091 958 1232 1022 reperitur.

123 1044 189 1081 suus
209 1034 352 1095 exsonuit,
371 1035 460 1084 Nerva
479 1033 621 1098 dedicarit,
641 1050 657 1083 s
701 1034 773 1087 Vari.

123 1121 178 1171 quo
198 1120 292 1157 nomen
313 1109 411 1160 hahuit.
443 1110 607 1174 Lampridius
629 1111 657 1160 in
731 1112 1094 1175 1ma‚o'empoa]rempla
1108 1112 1135 1161 in
1152 1110 1232 1161 Isidis

122 1181 269 1247 Alamcap.
286 1186 346 1233 ῆι·
365 1186 391 1233 in
402 1184 459 1235 foro
470 1187 531 1235 Divi
550 1186 657 1249 Nervae,
698 1192 727 1237 at
736 1188 870 1250 Serapidis
879 1188 1004 1237 honorem
1015 1187 1131 1237 condita.
1154 1187 1215 1237 cru.

123 1260 194 1323 qnod
204 1260 389 1309 'lhansitorium
401 1261 514 1311 dicitur!
533 1263 592 1311 Geli.
731 1262 854 1325 Staium]
882 1262 914 1311 ln
934 1276 986 1327 quo
1002 1262 1107 1312 athletas
1126 1274 1233 1313 exerce·

159 1335 264 1399 Odeum]
280 1336 380 1399 ὀδεῒον,
390 1336 514 1387 locnsuhi
526 1345 658 1400 cantatur,
697 1338 802 1388 huntur.
820 1338 891 1387 Glar.
1225 1360 1230 1368 ·

122 1412 198 1462 loeus
225 1413 303 1463 choro
325 1422 352 1463 at
380 1416 579 1479 symphoniacis,
607 1418 658 1466 imo
734 1413 950 1463 Uaiaersa'sem
966 1412 1141 1477 κουρίαι]
1164 1410 1232 1461 Vide

123 1487 210 1552 poitis
219 1489 407 1552 experientiam
414 1489 571 1541 facientibus
580 1493 658 1557 depo·
698 1488 806 1539 insidias
826 1490 852 1538 in
863 1489 931 1538 hunc
942 1495 1079 1554 tyrannum
1089 1488 1159 1552 apud
1170 1489 1233 1538 Sue·

121 1570 203 1614 tatus.
220 1565 341 1615 Meminit
349 1572 378 1614 st
386 1564 537 1615 Ammianus
547 1568 659 1616 Marcel·
699 1566 798 1615 lonium
810 1567 853 1615 tit.
868 1570 908 1614 17.
925 1566 1073 1629 Stephanus
1085 1564 1233 1615 Domiciliaa

121 1638 193 1689 linus
201 1640 247 1689 lib.
260 1651 316 1690 xvr.
328 1640 397 1690 inter
408 1641 458 1689 alia
469 1642 540 1691 orbis
551 1642 658 1693 miracu·
697 1649 852 1706 procurator
867 1642 966 1704 primus
985 1643 1091 1704 inguina
1111 1642 1169 1704 ejus
1180 1637 1233 1689 suf·

121 1714 159 1764 la.
193 1714 226 1764 In
237 1714 371 1765 chronicis
386 1716 490 1765 Euaebii
509 1716 583 1779 plora
599 1732 658 1768 enn-
697 1717 782 1773 fodit:
798 1718 1081 1776 occurreruntalii,its
1091 1724 1122 1764 ut
1132 1723 1233 1779 septem

122 1799 269 1853 ruenntm,
287 1802 424 1855 perperam
436 1790 540 1839 ariditas
559 1790 658 1840 ni'l'ra-
697 1789 848 1839 vulneribus
866 1788 1048 1850 conficeretur,
1065 1793 1104 1838 14.
1123 1789 1233 1840 Csieod.

118 1868 178 1931 jani
190 1866 273 1917 iorum
286 1872 314 1916 ct
328 1867 455 1927 lhermae,
466 1880 522 1915 coru
534 1866 658 1930 Trajanns
699 1865 797 1914 Octoh.
818 1863 938 1914 Cadaver
955 1865 1021 1928 ejus,
1039 1864 1176 1927 sandapila
1185 1877 1234 1927 per

122 1942 239 1991 nundum
251 1947 321 1990 esset
331 1941 356 1989 in
368 1941 486 2004 imperio.
496 1941 566 1990 Giur.
599 1940 657 1990 hin·
696 1940 1234 2004 vespillonesexportatum,l²hyilisnatrix

124 2019 236 2067 sicarum
266 2016 453 2081 po'e'tarnmque
476 2017 655 2080 gymnasium:
698 2018 725 2067 in
735 2016 882 2067 suburbano
899 2030 947 2066 auo
961 2017 1056 2067 Latius
1070 2016 1113 2065 via
1128 2014 1232 2066 funera·

124 2094 315 2143 imitamentum
338 2090 492 2141 Graecorum
514 2089 603 2155 diuina
624 2091 657 2141 de
697 2091 1003 2156 vit‚inquitduetcnim.
1021 2091 1094 2141 Glsr.
1221 2113 1226 2127 ν

123 2182 177 2234 qno
187 2167 321 2217 Plutarch.
333 2166 358 2215 in
370 2166 482 2216 Pericle.
501 2168 561 2216 Call.
733 2168 877 2227 Igashs'litar
895 2166 1024 2230 sepullum]
1048 2169 1115 2217 Nam
1133 2167 1233 2232 Phyllis

156 2245 276 2294 Diuorum
293 2243 411 2307 prmissa]
447 2243 569 2306 Syiburg.
596 2243 659 2293 illud
699 2245 789 2294 nutrix
799 2243 829 2293 ri
837 2246 905 2305 osius
919 2241 1117 2309 radiorum.
1133 2244 1232 2309 xipnu.

123 2318 244 2369 Diam
259 2332 292 2368 ex
309 2318 384 2368 Fold.
402 2317 518 2367 addidit:
537 2324 613 2381 pater
631 2325 660 2369 et
700 2321 760 2371 cell.

124 2395 209 2448 Inter
230 2392 371 2461 significari
391 2396 521 2447 ridentur.
542 2397 601 2448 Geli.
620 2396 659 2448 Cl.

536 3020 686 3088 LIBER
715 3019 821 3088 VIII.

160 3292 289 3347 omum
308 3294 351 3345 laic
371 3292 437 3344 iiber
457 3293 593 3344 historiam
615 3307 659 3344 sn·
698 3294 767 3345 hanc
788 3306 847 3344 ease
868 3306 964 3343 annuos
981 3291 1127 3358 scripserit)
1143 3293 1232 3343 Nersa

124 3384 220 3421 norum
238 3370 422 3435 complectitur
441 3374 498 3420 llil.
517 3384 534 3418 a
550 3370 659 3421 Cocceio
698 3368 837 3419 admodum
848 3368 1092 3433 senax‚etreliqoa.
1116 3370 1232 3419 Nautrss

123 3448 219 3497 Nerva
233 3460 313 3511 usque
329 3446 362 3495 ad
381 3446 563 3507 Maximinum,
573 3447 661 3496 imma·
699 3452 787 3495 autem
798 3444 910 3508 pruhsut
923 3444 1078 3507 chronologi
1088 3445 1179 3503 nostri,
1187 3445 1232 3509 qui

122 3536 186 3572 usna
200 3522 273 3571 illam
290 3522 405 3571 beluam:
424 3534 473 3571 ιιι.
490 3522 594 3575 omino
613 3523 659 3572 iro-
701 3527 797 3586 potant
816 3520 918 3570 Veteris
935 3528 964 3571 et
979 3521 1096 3572 Valentis
1114 3522 1234 3572 cousula-

123 3603 277 3661 perstorurn
296 3598 363 3659 apud
381 3598 530 3659 Eusebium,
547 3597 659 3662 quinon
700 3604 757 3647 turn
768 3597 890 3647 incidisse
898 3597 925 3645 iu
933 3596 1112 3646 aunumUrhis
1119 3596 1232 3647 condita

123 3677 257 3738 perpetuo
268 3674 381 3735 collegas
392 3678 519 3722 numerat.
536 3673 607 3721 Glur.
700 3685 869 3723 nocoxuvrrr.
909 3672 994 3721 Erant
1016 3673 1103 3737 itaque
1124 3672 1233 3737 posthac

158 3748 228 3799 Car.
242 3754 264 3798 l.
281 3750 350 3797 Aaou
360 3750 659 3815 caiageatesiasaslpaia·
700 3762 804 3810 semper
829 3745 940 3809 majores
966 3747 1087 3810 Eutropii
1112 3749 1235 3810 rationes,

123 3820 261 3890 Μαίη
278 3827 307 3873 ah
325 3826 394 3887 urire]
421 3826 470 3874 Hm
487 3826 607 3889 Eutropii
619 3840 660 3876 ra·
700 3838 764 3888 quas
802 3823 885 3872 adhuc
916 3823 1030 3873 minorue
1064 3824 1232 3874 ostendimus.

123 3900 212 3951 tinnes
223 3913 275 3949 nou
288 3900 391 3961 placent
403 3900 486 3949 Paulo
497 3900 600 3963 Oresio,
614 3902 659 3966 qui
703 3898 783 3949 Vatari.

125 3976 239 4027 adhunc
250 3974 352 4023 modum
362 3975 658 4040 scribitiihroseptimo:
731 3976 802 4024 sam
811 3973 917 4037 ucoca]
943 3974 1100 4039 Eutropium
1120 3976 1233 4025 nomina-

124 4051 204 4103 Anuo
230 4050 263 4100 ah
285 4050 357 4100 Urbs
380 4050 486 4101 condita
513 4064 660 4103 ncoexam.
700 4049 970 4100 timdehoonuusero
985 4050 1108 4099 sollicitat
1123 4050 1232 4100 Orosius

122 4126 252 4195 (qmuvis
264 4128 405 4193 Eutropius
422 4112 659 4195 quiuqusuestmun
698 4140 750 4177 vn.
760 4129 785 4178 2.
803 4126 865 4177 cell.
879 4124 1112 4190 ‘Anno,’inquit,‘
1121 4125 1156 4176 ah
1166 4126 1231 4177 urhe
