2809 4684
213 241 259 308 06
559 249 740 301 nonnoru
763 248 862 300 nter.
884 249 974 299 non.

214 393 387 476 Veientesl
400 411 514 462 xviri.
529 395 687 460 milliario
702 395 827 460 absint.
868 393 1138 479 ¹'Conjuuxernnt
1148 403 1202 460 set
1214 395 1269 461 hia
1280 402 1312 460 et

215 501 358 568 Volsci:
391 499 453 565 sed
477 497 664 562 Mamerco·
687 497 828 562 AEmilio
854 496 1043 578 dictatore,¹²
1064 502 1098 561 et
1119 495 1159 560 L.
1173 495 1312 576 Quintio

216 604 415 672 Cincinnato
429 601 586 684 magistro
611 599 790 683 equitum,⁰
810 597 906 677 victi,
928 599 1027 662 etiam
1040 617 1148 680 regem
1162 595 1314 680 perdide·

215 712 303 772 runt.
348 705 487 769 Fidenae
503 707 627 787 capta,
643 702 852 767 etrexcisaer

260 809 316 874 20.
339 805 425 871 Post
455 822 526 870 xx.
556 803 689 868 deinde*
717 811 837 868 annosq
862 800 1039 867 Veientani
1065 803 1316 867 rebellaverunt

218 911 378 977 Dictator
392 916 506 972 contra
528 908 621 988 ipsos
644 903 769 968 missus
783 908 835 969 est
847 901 970 966 Furius
982 901 1156 980 Camillus,
1177 902 1238 986 qui
1251 903 1317 985 pri-
1386 950 1387 963 .

216 1031 308 1076 mum
322 1030 382 1075 eos
404 1009 490 1074 vicit
509 1009 604 1072 acie:
635 1024 718 1069 mox
743 1005 846 1068 etiam
868 1005 1033 1068 civitatem
1057 1001 1115 1066 din
1139 1003 1317 1068 robsidenti
1386 1052 1387 1077 2

188 1149 191 1154 ·
218 1114 320 1198 cepit,
335 1109 604 1195 antiquissimam
626 1105 737 1171 ltaliae
753 1112 864 1188 atque'
883 1104 1098 1170 ditisaimam.¹
1139 1102 1226 1169 Poat
1243 1123 1319 1169 eam

218 1215 316 1300 cepit
331 1220 366 1280 et
380 1213 562 1289 Faliscos,¹¹
575 1227 643 1273 non
653 1207 765 1271 minus
779 1206 927 1271 nobilem
940 1207 1131 1287 civitatem3
1152 1205 1214 1271 aed
1228 1223 1317 1271 com·
1386 1232 1387 1283 3

217 1323 312 1382 motu
325 1316 422 1382 eetei
436 1311 590 1392 invidia:
604 1310 702 1397 quasi
721 1309 873 1393 praedam
895 1309 984 1373 male
997 1308 1170 1374 divisisset
1178 1315 1207 1374 ι’
1229 1309 1318 1373 dam·
1386 1352 1387 1379 2

220 1561 265 1602 --Ι
282 1561 366 1612 Abest
377 1565 427 1610 torn
438 1575 453 1609 ι
464 1558 548 1624 bugd.
564 1559 624 1608 Bal.
637 1555 702 1606 1⁹⁸
717 1555 761 1606 Sic
773 1555 808 1606 N.
819 1554 872 1605 ΒΟ.
882 1553 963 1604 Burd.
979 1561 1007 1605 et
1018 1554 1064 1604 Cr.
1078 1554 1122 1604 alii
1131 1567 1183 1604 vir.
1199 1555 1233 1604 ln
1243 1555 1272 1606 S.
1282 1554 1321 1604 lt.

220 1635 250 1678 et
261 1625 328 1676 ΗΜ.
338 1630 365 1675 at
377 1625 477 1674 Finem
487 1628 511 1672 et
529 1623 653 1673 Veientani
671 1633 755 1670 xviri.
784 1619 895 1668 Vinctus
904 1625 989 1668 autam
1000 1633 1047 1683 pro
1062 1619 1169 1668 Veientes
1177 1621 1323 1682 suspicatur

219 1689 359 1756 legendum
373 1688 435 1738 Veii.
453 1700 511 1736 xvr.
521 1687 581 1734 nsit.
592 1683 673 1746 lngd.
686 1683 832 1732 Beth-⁸
849 1681 1061 1745 namnam.
1077 1683 1215 1732 Bat.1.-·
1233 1682 1322 1732 nme

222 1754 376 1818 liupdllat.
387 1757 457 1802 l.-·
472 1748 526 1800 Alii
537 1749 622 1798 Meroe
630 1746 749 1808 mallant,
761 1744 807 1793 sed
819 1754 1010 1808 perperam-e
1026 1745 1118 1796 lirim
1132 1751 1236 1810 ceptaet
1246 1748 1324 1796 eccles

221 1819 309 1882 Luqd.
330 1817 390 1866 Bat.
406 1820 430 1866 2.
451 1818 475 1863 8.
492 1819 562 1865 t.-s
577 1811 631 1861 Alii
642 1823 691 1860 xx.
712 1809 769 1858 inde
785 1822 824 1858 us.
842 1809 880 1857 nti
897 1816 925 1858 et
941 1809 1024 1872 and.
1035 1811 1095 1861 Bet.
1105 1815 1130 1858 t.
1143 1823 1189 1860 ιι.
1205 1811 1290 1859 deinde
1300 1827 1324 1859 a.
1386 1832 1387 1837 =

221 1882 306 1947 bugd.
317 1881 377 1933 Bst.
390 1886 415 1930 l.
444 1879 502 1927 Post
520 1876 661 1939 nkeemsns
675 1875 731 1924 inde
750 1887 837 1922 mass
855 1871 940 1936 Lnga.
951 1874 1010 1923 Bet
1022 1878 1091 1923 t.-—'
1109 1874 1245 1925 Vetonina
1254 1874 1325 1924 addit
1386 1872 1387 1919 l

176 1975 179 1982 ν
223 1945 309 2012 lugd.
318 1945 379 1996 Bat.
388 1948 457 1995 1.-’
472 1941 514 1992 Ita
526 1941 559 1992 P.
571 1948 600 1991 at
607 1939 640 1990 V.
651 1939 697 1988 sed
711 1937 766 2002 alii,
777 1942 846 1988 utet
857 1937 942 2002 bugd.
954 1937 1013 1987 Bat.
1025 1943 1049 1988 1.
1065 1939 1264 2003 Μίμας,
1275 1938 1324 1988 lta-

723 2083 830 2136 ΝΟΜ

227 2205 324 2270 legitnr
333 2217 383 2255 vri.
394 2217 483 2254 errore
492 2201 608 2267 {numeri
636 2199 758 2264 Lageas.
799 2199 1068 2264 estpostrigeslmum
1084 2215 1177 2249 aunum
1190 2199 1324 2249 camillum

223 2287 254 2332 nt
266 2293 347 2346 supra
357 2293 381 2330 c.
392 2285 418 2330 1.
798 2274 965 2326 Dictaturam
975 2283 1101 2335 creatum,
1112 2276 1154 2339 qni
1165 2273 1326 2324 cresmsfnit
1386 2302 1387 2305 =

256 2362 269 2388 ¹¹
288 2354 343 2404 'Sed
361 2354 482 2404 Marsum
504 2351 602 2402 AEass'iio
623 2351 758 2409 Dictatore,
799 2351 872 2399 annis
891 2364 962 2401 ιιι.
981 2359 1039 2414 post
1059 2352 1168 2401 Fidenas
1182 2358 1284 2415 captas,
1299 2356 1327 2399 et

222 2428 276 2493 ise]
300 2429 412 2480 Senatus
433 2427 599 2477 Dictatorem
627 2424 680 2476 dici
701 2425 759 2474 lda-
799 2441 859 2476 cam
872 2427 927 2490 jam
946 2427 1054 2478 Romani
1070 2426 1147 2476 Veios
1166 2441 1215 2489 per
1233 2425 1327 2477 decen·
1386 2436 1387 2499 ξ

221 2517 338 2554 mercum
358 2501 486 2553 AErnilium
502 2501 590 2565 jussit.
622 2501 649 2550 Is
663 2501 760 2565 Magis·
798 2502 1049 2554 ainmobsedissent.
1386 2506 1387 2523 ¹

223 2585 293 2630 trum
300 2579 417 2643 equitum
426 2591 460 2626 ex
468 2577 579 2642 collegio
586 2576 681 2641 prioris
690 2580 761 2640 suni,
830 2584 841 2611 ¹
852 2579 981 2628 Cinbetess
991 2578 1157 2640 disebsidess]
1173 2579 1277 2628 Falsum
1286 2585 1328 2628 est

224 2655 269 2720 qui
280 2653 356 2710 simul
367 2651 477 2702 Tribuni
495 2653 606 2702 militum
623 2653 760 2704 Consulari
799 2653 935 2704 Camillum
950 2655 1084 2704 diuVeios
1099 2654 1243 2704 obsedisse.
1274 2655 1328 2704 Sed
1386 2688 1387 2695 1

224 2735 358 2796 potestate
376 2729 489 2796 fuerant,
505 2732 537 2782 L.
548 2731 683 2783 Quintium
698 2732 759 2782 Cla·
799 2735 860 2794 post
870 2732 951 2780 Veios
967 2730 1012 2780 diu
1028 2731 1145 2781 amusos
1156 2731 1268 2783 accessit
1278 2732 1328 2781 Ca·

224 2807 358 2858 clnuatum
377 2805 483 2872 dignum
502 2815 612 2872 parente
634 2808 759 2874 juvenem
799 2806 884 2856 millns
901 2805 1030 2869 Dictator,
1049 2812 1078 2855 et
1096 2806 1231 2855 civitatem
1247 2807 1330 2870 cepit,

226 2881 303 2932 dixit.
321 2881 378 2932 liv.
389 2895 427 2932 tv.
440 2886 480 2932 17.
799 2884 849 2931 dte.
865 2882 934 2931 Vide
944 2882 1044 2932 livium
1057 2895 1081 2931 u.
1094 2886 1133 2932 ln.
1145 2886 1185 2930 2⁰.
1198 2886 1279 2932 etbl.

258 2957 408 3019 magistra
425 2955 542 3020 equitnm]
578 2955 670 3007 Metire
686 2959 717 3007 de
736 2958 761 3007 le
831 2955 938 3007 'italie
953 2963 1024 3020 etque
1040 2956 1192 3020 ddinim]
1215 2957 1331 3007 ‘Veien-

228 3031 361 3081 Cucolen'e.
800 3035 864 3084 tium
882 3039 980 3099 quanta
997 3048 1039 3083 res
1057 3031 1148 3092 fuerit,
1165 3033 1265 3082 indicat
1285 3033 1330 3082 de·

256 3105 605 3170 antonomasiam]
622 3107 760 3156 Carecre·
798 3110 888 3157 cannis
906 3107 1025 3156 obsidio!
1066 3109 1165 3158 Florus.
1191 3109 1282 3159 livius
1304 3122 1332 3158 a·

225 3183 272 3234 dss
282 3183 393 3234 Fidenas
403 3183 504 3234 excisas
516 3181 596 3232 fuisse
616 3181 707 3232 eodem
716 3195 760 3232 an·
801 3182 863 3232 tiam
874 3182 963 3231 urbem
974 3184 1194 3247 opulentissimam
1205 3191 1292 3234 vocat.

224 3273 259 3310 no
271 3273 321 3324 quo
331 3258 480 3309 Tolumnius
494 3259 585 3307 victus.
609 3257 707 3306 Verum
719 3263 762 3306 est
834 3260 842 3291 ¹
855 3248 976 3308 Psst'eons
985 3259 1059 3322 cepit]
1074 3259 1183 3308 Biennio
1193 3267 1263 3322 post.

226 3335 329 3398 quidem
341 3349 385 3384 eas
396 3335 497 3383 excisas
513 3334 647 3383 Mamerco
659 3331 762 3382 AEmilio
833 3339 845 3365 ¹
856 3333 974 3398 Faliscos]
984 3334 1115 3398 Quicquid
1126 3334 1217 3384 dicant
1227 3335 1331 3399 quidam

226 3409 374 3470 Dictatore,
385 3415 414 3458 et
422 3409 471 3457 Lu.
483 3409 591 3459 Quintio
606 3409 762 3458 Cincinnato
801 3423 817 3458 e
828 3409 977 3472 Veteribus,
987 3410 1076 3458 Falisci
1092 3424 1140 3458 uon
1151 3411 1242 3459 orbem
1255 3411 1334 3475 sigui·

227 3485 358 3548 Magistro
375 3484 500 3548 equitum.
532 3483 584 3532 Sed
598 3483 762 3549 illuduthne
800 3484 928 3544 ficat,sed
947 3486 1077 3548 populum.
1109 3485 1181 3534 Urbs
1197 3485 1335 3538 dicebatur

156 3599 164 3610 .
227 3557 327 3610 factum
351 3565 392 3610 est
414 3572 454 3608 ιι.
475 3559 548 3607 annis
569 3563 628 3622 post
652 3559 763 3621 primam
802 3561 880 3612 Fuleii
891 3575 936 3610 seu
949 3561 1047 3621 Falerii,
1059 3560 1127 3610 unde
1138 3561 1237 3612 Falisci.

226 3635 281 3698 ejus
292 3636 470 3694 Dictaturam,
480 3643 509 3684 et
526 3641 588 3684 tunc
601 3635 680 3684 tertio
696 3635 761 3685 Dic·
834 3645 845 3670 v
862 3637 970 3699 insidia]
986 3637 1018 3685 ld
1028 3643 1076 3700 est,
1084 3637 1181 3686 odium.

228 3718 298 3762 tator
307 3721 411 3762 creatus
421 3713 583 3761 AEmlliussn.
592 3712 679 3761 mundi
688 3717 762 3763 1516.
833 3720 850 3745 ¹
884 3713 961 3768 Quasi
984 3717 1091 3775 predam
1116 3714 1176 3762 nole
1202 3713 1336 3776 disidnet]

227 3787 348 3836 anter.
363 3789 426 3836 Nat.
437 3793 494 3838 ⁴22.
514 3788 547 3838 ab
565 3789 638 3838 Urbe
657 3790 762 3839 condita
801 3790 986 3839 ‘Postmodum
995 3797 1037 3838 eat
1046 3789 1147 3838 crimini
1156 3790 1335 3854 datum,quod

227 3863 286 3924 429.
319 3863 387 3912 Vide
398 3864 497 3912 Livium
509 3877 546 3912 ιν.
559 3868 599 3914 32.
801 3867 867 3916 albis
878 3867 951 3931 equis
970 3867 1160 3929 triumphasset,
1177 3872 1206 3914 et
1217 3866 1334 3929 praedanr

260 3943 273 3979 1
291 3937 349 3986 Post
369 3953 415 3987 xx.
434 3941 489 3988 inde
507 3940 590 4001 annm]
606 3939 702 3989 Verum
722 3949 763 3991 est
802 3940 889 4006 inique
901 3941 1049 3993 divisisset!
1065 3941 1163 3990 Victor.
1174 3955 1202 4004 p.
1212 3947 1257 3991 51.
1265 3939 1336 3992 liind

228 4021 289 4079 post
298 4013 448 4076 vigesimum
458 4029 552 4063 annum
562 4030 577 4063 a
586 4015 690 4064 Fidenis
700 4029 762 4079 cap·
800 4017 899 4068 accidit
909 4030 945 4067 ιι
950 4031 968 4068 ι.
979 4030 1039 4068 ann.
1049 4023 1108 4081 post
1118 4023 1211 4080 captos
1221 4017 1310 4067 Veios.

228 4090 264 4139 tis
275 4088 399 4140 Veientes
416 4089 563 4142 rebellasse.
596 4089 648 4140 Sed
667 4088 761 4141 salsum
