2809 4684
313 210 353 260 {N
378 207 570 261 atumem.
594 212 721 266 ERlT'i'.
745 214 1062 272 AESERVA'PORUM.
1176 209 1244 276 5¹15
1277 285 1281 292 Ι

137 354 325 424 Fabricius.
368 357 483 443 Atque
493 357 543 423 ita
553 357 618 422 hu'e
631 355 701 422 Hs.
716 359 928 443 scriptaherc
948 369 1042 430 sunt:
1068 365 1244 452 ‘Explicit

136 463 241 541 labar
253 461 421 527 decimus:
442 460 509 528 buc
528 478 638 546 usque
649 461 826 528 historiam
841 464 1026 550 Eutropius
1038 473 1242 553 composuit,

135 565 192 632 cui
205 571 319 650 temen
332 565 448 650 aliqua
461 565 590 631 Paulus
604 565 782 633 Diaconos
797 566 936 634 addidit.
959 567 1001 632 In
1015 569 1079 636 hac
1089 577 1124 638 et
1136 573 1244 642 altera

135 669 689 755 paghradescriptaestpartiuula
713 671 829 756 almus
854 691 993 756 operum
1012 673 1103 740 illim
1128 675 1241 757 Pauli,
1356 743 1360 748 .

135 773 197 838 sod
224 790 360 838 manum
385 773 533 838 cohibuit
559 773 714 838 librarius
740 773 937 858 priusquam
973 775 1130 858 pugilum
1161 779 1242 844 aite-
1314 761 1318 774 ’

133 892 208 940 ram
222 875 470 960 compleverat?
505 875 652 941 Remota
666 882 744 942 suut
757 876 826 942 duo
840 877 923 942 folia
938 896 961 941 a
975 879 1072 944 tertia
1087 883 1223 964 pagiua.

179 979 338 1044 Similiter
365 997 429 1044 uos
453 977 617 1061 effugerat
634 979 725 1044 alius
750 979 827 1046 cod.
858 979 1085 1048 oxoniensis:
1120 1003 1242 1070 nempe

134 1079 235 1145 Bodi.
252 1077 403 1144 Cerronio
425 1080 500 1146 Lat.
514 1080 593 1150 264.
614 1101 694 1148 saec.
710 1099 776 1146 xv.
798 1083 853 1148 rel
867 1099 948 1146 xvr.
969 1086 1065 1167 parvi
1089 1105 1179 1165 voro,
1205 1093 1245 1154 ut

133 1180 280 1260 ridetur,
295 1183 404 1266 pretii.
426 1181 517 1248 Hac
531 1182 639 1248 amice
648 1184 748 1249 nohis
758 1184 838 1252 data
849 1185 892 1252 ad
906 1185 1039 1252 doctum
1053 1185 1241 1254 librarium

133 1283 236 1350 Aiax.
250 1282 392 1349 Nicboil
404 1283 579 1349 referenda
590 1291 681 1351 sunt.

178 1386 288 1452 Hisce
311 1387 512 1472 subjiciatur
534 1388 719 1477 Eutropius
742 1390 820 1457 tivo.
843 1391 996 1475 imprcss.
1025 1393 1125 1456 Basii.
1150 1391 1241 1478 apud

123 1488 321 1574 -Oporinum
340 1489 438 1554 1546.
453 1489 532 1555 8vo.
554 1509 632 1555 cum
653 1492 756 1558 variis
782 1491 869 1558 Mss.
892 1492 1106 1572 lectionibus,
1128 1494 1240 1560 collat.

132 1609 212 1658 cum
224 1593 303 1658 edit.
328 1590 461 1658 Pictas.
481 1594 581 1659 laet.
624 1594 716 1661 lutor
736 1596 874 1662 ecdicos
889 1595 979 1662 Hss.
994 1602 1029 1664 et
1052 1596 1241 1682 Impressas

137 1692 398 1762 D'Orviiiianos.

477 1853 603 1923 Codices
619 1855 902 1944 cantabrigienses.

177 1994 283 2079 Apud
297 1994 403 2060 libros
429 1994 515 2060 Mss.
534 1993 652 2081 Colleg.
670 1992 766 2078 corp.
786 1991 906 2059 Christi
928 2001 962 2060 et
984 1995 1103 2061 Beataa
1119 1994 1239 2066 Marte

134 2095 290 2180 Virginis
318 2095 468 2175 (Beae't)
498 2102 716 2162 asservantur
744 2097 812 2161 duo
839 2096 936 2161 codd.
970 2117 1111 2182 quorum
1136 2098 1239 2184 prior,

131 2214 276 2264 cxxix.
290 2218 368 2263 cum
382 2200 470 2276 aliis,
492 2199 623 2282 praebet
636 2189 714 2276 (art.¹
726 2199 774 2276 l.)
795 2198 993 2283 Eutropium
1007 2201 1049 2265 do
1073 2200 1240 2285 Principi-

126 2302 202 2366 bus
215 2297 393 2378 Romanis,
409 2319 470 2366 seu
482 2300 705 2380 Breviorium,
718 2305 779 2368 &u
802 2299 887 2365 Cod.
902 2303 1084 2366 membran.
1095 2304 1131 2367 iu
1144 2303 1239 2381 tolio,

131 2418 216 2468 sate.
233 2417 299 2467 xv.
322 2403 506 2483 Posterior,
523 2417 707 2470 cccxxvt.
723 2423 800 2468 cum
814 2404 891 2470 aliis
905 2407 982 2482 (art.
996 2405 1042 2482 1.)
1059 2404 1152 2470 Hist.
1168 2403 1239 2470 Ro·

130 2526 243 2573 manae
267 2521 312 2569 ex
334 2509 419 2568 urbe
441 2506 578 2567 condita
602 2502 648 2566 ad
670 2503 897 2576 Justiuiauum
921 2505 1008 2590 Imp.
1031 2507 1136 2572 libros
1157 2523 1238 2572 xvi.

131 2609 262 2674 Decem
276 2605 418 2690 hujusce
433 2604 507 2668 cod.
524 2606 652 2687 priores
673 2605 750 2668 libri
775 2605 929 2690 Eutropii
945 2608 1137 2672 Historiam
1152 2627 1239 2691 prse-

129 2712 222 2788 bent,
236 2727 313 2774 cum
327 2705 430 2772 Pauli
454 2707 598 2772 Diaconi
622 2706 883 2780 additamentis:
914 2727 976 2772 sex
999 2709 1202 2792 posteriores
1217 2729 1239 2774 a

129 2813 277 2879 disemis
293 2810 418 2874 criticis
434 2810 478 2875 ad
500 2810 652 2876 diuersos
666 2816 819 2876 auctores
833 2811 1038 2892 referuntur3
1061 2811 1158 2878 seda
1180 2829 1239 2876 ne·

127 2917 221 2980 mine
233 2915 278 2980 ad
293 2913 511 3002 Eutropium
527 2915 582 2978 cui
596 2915 659 2978 fuit
670 2914 805 2999 quidem
817 2915 850 2978 in
862 2915 1036 2998 proposito
1052 2913 1239 2980 Historiam

129 3024 286 3098 mamus
298 3020 373 3104 ipso
388 3017 471 3082 dicit
479 3019 543 3082 sub
550 3015 606 3081 flu.
618 3019 782 3084 Historias
797 3018 876 3083 iibri
888 3017 1022 3095 decimi,
1033 3016 1238 3096 continuare,

127 3123 191 3188 sad
203 3138 271 3185 non
282 3124 488 3204 compertum
499 3126 551 3186 est
562 3139 639 3184 eum
648 3139 736 3205 opus
747 3139 848 3186 suum
863 3120 907 3184 ad
916 3121 1015 3185 finem
1029 3119 1238 3203 propositum

129 3224 340 3308 perduxisse.

175 3326 266 3392 Inter
279 3324 378 3391 codd.
394 3325 567 3390 Galeanos
587 3323 675 3390 Tria.
693 3322 776 3391 Coll.
792 3331 848 3389 est
862 3324 1058 3407 Eutropius,
1080 3325 1136 3388 cui
1151 3344 1238 3408 prm-

130 3428 242 3513 figitur
258 3429 379 3492 nomeu
392 3426 474 3492 aur.
487 3425 627 3507 Ortelii3
649 3435 686 3490 et
699 3448 719 3491 e
732 3447 810 3492 raso
822 3427 906 3491 solio
928 3427 990 3491 sub
1004 3426 1097 3491 initio
1110 3411 1238 3493 codicis

130 3551 209 3618 quar
225 3539 408 3615 sequuntur
430 3529 698 3594 transcribimus:
722 3529 786 3596 ‘In
807 3529 896 3592 notis
920 3529 964 3592 ud
988 3521 1145 3593 Orosium
1172 3529 1237 3594 Fa-

127 3633 226 3699 bricii
242 3654 273 3697 n.
292 3649 532 3697 muaxnxu.
547 3655 580 3717 p.
595 3633 672 3698 553.
687 3632 844 3715 quaedam
856 3632 919 3695 sub
935 3631 1087 3714 Eutropii
1101 3632 1238 3696 nominc

127 3733 234 3799 edidit
257 3734 301 3799 R.
317 3735 518 3819 Stephanus,
545 3745 577 3799 ct
590 3735 634 3798 in
647 3735 764 3798 eodem
781 3735 860 3799 Gul.
876 3733 1088 3800 Cambdeuus
1104 3735 1237 3799 Britan·

127 3837 197 3903 niae
215 3856 335 3921 suoe‘p.
346 3836 400 3902 28.
424 3837 578 3923 quaedam
592 3857 633 3900 ex
658 3835 823 3919 Eutropio
835 3835 972 3900 adducit
982 3855 1059 3919 quae
1079 3855 1144 3899 non
1160 3839 1237 3900 sunt

126 3941 163 4005 iu
181 3939 355 4024 Eutropio,
374 3942 431 4004 sed
451 3943 484 4005 iu
509 3940 645 4006 Valerio
667 3939 843 4004 Maximo!
888 3939 1026 4004 Retinet
1041 3938 1175 4002 uomina
1193 3938 1235 4002 ct

128 4043 276 4110 virorum
300 4063 441 4128 quorum
464 4045 500 4111 iu
525 4045 661 4129 peculio
689 4045 797 4110 fuerat
815 4045 870 4109 hic
892 4043 1010 4119 codex,
1033 4039 1124 4105 Sam.
1146 4038 1235 4104 Reui

194 4159 319 4225 nepas
331 4159 389 4212 Ver.
402 4162 467 4211 cias.
632 4163 734 4226 Eutrop.
1106 4157 1169 4206 ΞΜ
1243 4170 1248 4181 ·
