2809 4684
242 326 425 376 unnvrnu.
448 326 546 375 nisu.
570 324 662 377 nost.
687 326 762 375 usn.
777 326 865 377 vsu.
886 328 968 380 usn.
983 314 1037 380 19.
1127 315 1193 381 sot

85 469 136 519 bur
148 474 262 533 pstetet
281 468 439 533 cespititium
461 482 561 518 murum
579 482 623 519 eo·
692 470 745 519 Per
763 482 859 520 unus.
877 460 955 519 scidis
969 470 1092 536 um]
1107 472 1192 523 Vetus

85 545 148 595 dem
169 544 228 607 ipso
247 544 273 591 in
288 544 347 592 ioco
363 543 395 593 ab
407 543 543 593 Hadriano
552 542 620 607 Imp.
659 546 727 597 iiber
744 547 834 607 bsbet,
850 562 895 613 prr
912 560 1023 599 cxxxn.
1037 548 1115 598 mittio
1129 549 1193 613 porr.

80 622 226 684 jamnutcs
242 618 354 683 positum
366 617 447 668 fnisse
457 634 465 679 ς
477 626 505 669 et
517 619 623 669 Latino·
660 629 689 673 at
699 624 773 674 Beds
784 624 899 687 Angius:
910 626 969 689 iege
979 624 1100 673 Diouem.
1109 625 1193 677 Porro

85 712 144 747 rum
165 696 260 746 Vuitatss
280 693 509 761 (quemadmodum
526 694 622 757 Aurio
658 697 1194 766 Eborsco(urbrrstBritsunite)anrm

85 788 144 823 rum
169 772 236 823 wau
253 778 282 822 et
297 772 435 821 Britonum
455 770 538 820 Garsi
560 770 622 819 iude
658 774 759 825 Severi
772 790 868 839 corpus
887 776 999 826 relatum
1019 774 1080 826 tint.
1110 776 1192 827 Visst.

85 846 243 913 deductum)
261 846 411 912 idemqnod
422 846 622 908 mrsmrniere,
659 863 770 901 cxxxrn
791 852 871 901 etism
899 852 977 904 Oros.
1004 864 1055 903 vn.
1079 856 1119 902 it.
1148 853 1194 903 ubi

84 925 219 977 eruditum
243 925 317 975 ilium
340 925 523 988 presbyterum
550 924 622 988 igno·
660 925 824 976 rideontm.

85 1016 166 1066 rssse,
178 1006 272 1053 contra
282 1002 349 1067 quod
358 1000 552 1051 accuratissime
565 1014 622 1064 pro·
691 1002 762 1051 Muri
771 1002 890 1067 udmre]
913 1004 949 1053 Et
959 1004 997 1054 sic
1007 1003 1194 1069 bodiercpsm«

84 1078 182 1127 bsnrnt
199 1075 332 1138 Boethius,
352 1077 509 1139 Cantdenus,
521 1076 622 1126 Usscri·
659 1084 703 1127 tur
715 1078 804 1128 scona
815 1076 959 1142 abAugiia.
977 1080 1047 1130 (ἔδει.

84 1168 124 1215 us,
136 1153 241 1218 aliique.
277 1154 321 1203 lta
333 1153 433 1203 Batiam
450 1153 552 1217 tapsum
563 1165 622 1201 csse
692 1152 808 1217 Bdmsi]
818 1154 973 1218 Brigantum
982 1155 1092 1220 oppido,
1102 1154 1193 1207 innac-

83 1230 173 1293 potins
195 1228 350 1289 mirandum,
375 1226 444 1293 quod
475 1226 621 1291 promiscue
659 1226 802 1279 dininsnis.
822 1230 891 1280 Gisr.

83 1305 165 1355 etism
190 1305 241 1354 ista
270 1304 348 1355 rerba
365 1309 491 1367 usurpata
510 1301 622 1352 misses
691 1305 824 1355 Admodum
842 1305 927 1370 meo]
958 1306 1009 1355 Vei
1029 1320 1131 1357 menses
1150 1320 1191 1359 tx.

82 1382 226 1445 Spartieno
245 1379 367 1430 didicisse
385 1378 512 1443 potuerit,
531 1378 575 1442 qui
595 1377 621 1426 in
659 1378 716 1429 dies
740 1390 807 1431 nr.
826 1387 856 1430 ut
877 1383 917 1432 ci.
940 1381 1053 1433 Gmner.
1072 1396 1089 1431 s
1105 1383 1193 1433 Dione

82 1458 176 1507 Seueri
198 1457 255 1506 rita
272 1456 326 1505 aits
343 1457 428 1506 ‘Post
451 1468 552 1505 murum
575 1462 621 1504 sut
659 1456 784 1519 scriptum
796 1463 880 1506 notat.
888 1456 932 1505 ubi
944 1457 1012 1507 ride.
1039 1457 1159 1523 Verbeyb.

5 1558 9 1572 ·
82 1533 214 1597 [ricenim
232 1533 350 1582 voculam
368 1532 436 1582 banc
452 1538 528 1581 recte
545 1531 621 1581 rosti-
692 1532 792 1595 Imperii
811 1546 873 1581 ntor
894 1532 991 1596 xvim]
1017 1532 1070 1583 Hic
1089 1533 1193 1583 vomant

82 1608 134 1658 tuit
144 1609 185 1658 ci.
197 1606 349 1672 Salmasius]
366 1607 462 1657 rsiinrn
476 1609 582 1657 missurn
593 1607 620 1657 in
659 1606 742 1657 Codd.
771 1609 836 1659 biso.
857 1616 888 1658 ut
910 1610 955 1673 qui
975 1610 1063 1672 potior
1083 1609 1118 1659 sit
1142 1610 1192 1658 cai·

84 1682 241 1735 Britannis!
281 1683 353 1733 Hinc
380 1683 494 1733 Annales
515 1683 620 1733 Saxoni-
658 1684 742 1745 onius,
769 1685 812 1734 rin
839 1686 897 1735 crui
923 1690 1012 1750 quest.
1050 1684 1120 1734 Vide
1149 1685 1191 1735 irio

83 1759 124 1809 cir
141 1760 279 1809 Sarrum
289 1760 621 1824 Bryteregeprottetrpest
658 1757 772 1808 Gruam.
792 1766 821 1810 at
841 1758 874 1809 sd
896 1760 1008 1810 Dionem
1022 1760 1056 1810 V.
1072 1760 1112 1811 01.
1128 1775 1190 1825 pag.

83 1836 430 1899 nidtnspsmpruntpoloroe.
464 1836 541 1888 Quod
557 1851 620 1887 vcro
657 1838 715 1883 8⁷1.
736 1834 853 1899 Verbosis.

84 1912 228 1974 Eutropius
240 1918 268 1960 et
280 1910 408 1962 victorin
420 1924 511 1963 mun
522 1913 578 1962 sire
589 1918 619 1963 nt
688 1908 768 1959 ntro
788 1910 920 1973 apportatus
940 1910 987 1974 est]
1022 1910 1192 1962 Herodianus

84 1987 134 2036 aiis
153 1987 315 2050 exemplaria
335 1986 433 2036 babent
452 1988 479 2037 iu
507 1998 618 2037 cxxxii.
656 1983 734 2033 initio
750 1984 796 2033 iib.
815 1998 855 2036 rr.
873 1986 955 2035 tssdit
971 1986 1136 2036 solennitatis
1159 1987 1193 2035 ri·

82 2062 147 2113 miii.
160 2076 231 2126 pass.
243 2061 319 2126 hujus
331 2061 519 2125 longitudinem
530 2070 619 2112 exten·
657 2064 712 2109 tunt
736 2058 857 2122 mirifice,
881 2062 1009 2126 quomodo
1030 2062 1148 2111 Cnstres
1163 2062 1191 2111 in

82 2137 180 2198 derint,
190 2138 329 2188 mcudosiu
339 2152 447 2187 numero
456 2138 619 2201 subrepsisse
656 2144 791 2185 numerum
796 2136 913 2186 Deorum
919 2134 1109 2185 retorebsutcr.
1119 2136 1190 2186 Gisr.

82 2214 235 2263 existiment
263 2214 387 2263 Ueseriur
414 2212 618 2277 camdenusque.
691 2211 756 2259 Nure
766 2211 836 2277 fider
849 2213 908 2261 deor
924 2224 1066 2261 rscmrorer
1081 2210 1191 2275 reticuit]

82 2290 145 2339 Non
164 2291 234 2339 enim
257 2296 332 2339 touta
352 2296 393 2339 est
414 2289 503 2339 insuite
524 2302 556 2338 eo
568 2290 619 2339 ioci
657 2287 733 2337 Fuid.
745 2288 856 2337 Scbonb.
868 2287 1090 2337 etormcnsdsrr.
1113 2288 1192 2337 Vine-

82 2364 164 2429 (intcr
177 2366 257 2414 itssc
266 2356 384 2414 nimirum
401 2366 551 2414 aestnsriunr
563 2366 619 2415 sire
659 2370 700 2412 tus
710 2376 772 2412 rsus.
787 2362 963 2412 Videtursurs
973 2363 1133 2413 redundare:
1143 2362 1190 2413 sed

81 2440 361 2507 &ineffibetiisae
375 2442 469 2492 ostium
481 2442 620 2505 Rumorib)
657 2437 823 2488 referendum
847 2439 881 2488 sd
903 2440 1108 2490 consecrationis
1130 2454 1191 2489 suc.

80 2518 204 2579 latitudo,
214 2518 316 2568 etiamsi
328 2520 411 2581 ipsum
427 2519 618 2568 anfractuosum
657 2522 738 2565 tores.
756 2516 816 2564 Geli.
847 2515 931 2564 licien
948 2530 1012 2565 rust.
1040 2516 1190 2565 Heumann.

81 2593 149 2643 muri
160 2594 266 2644 ductum
277 2594 443 2659 persequaris
449 2614 457 2657 ;
466 2594 534 2658 quod
542 2594 563 2643 si
571 2594 618 2643 eti·
657 2592 718 2641 Vox
728 2597 816 2641 tsmen
827 2592 878 2641 ista
886 2591 914 2640 in
925 2590 1041 2640 omuibus
1051 2591 1133 2641 Codd.
1145 2604 1191 2640 ex·

82 2684 124 2719 snt
136 2669 164 2719 in
177 2670 270 2721 italica
282 2670 404 2719 milliaris
421 2671 543 2732 resolvas,
558 2682 620 2734 psu·
657 2672 719 2717 stat.
752 2666 886 2717 Hiscerte
896 2681 950 2717 non
958 2668 1023 2716 sutis
1034 2674 1190 2731 opportune.

81 2746 108 2794 io
117 2738 260 2811 piusquam
273 2758 359 2795 mx.
371 2752 401 2795 ut
412 2751 485 2795 recte
499 2758 619 2794 numeru·
656 2741 683 2790 in
695 2741 779 2805 Lugd.
797 2742 857 2792 But.
868 2746 892 2792 2.
909 2741 1044 2792 diducitur
1061 2744 1090 2792 in
1104 2744 1191 2794 medio

80 2820 121 2869 rit
144 2820 307 2884 Spsrtianun
325 2822 441 2885 coiiigas.
474 2822 618 2871 Pronuidu-
656 2817 781 2881 spatium,
799 2825 828 2866 et
848 2817 973 2867 scribitur
989 2834 1007 2867 rs
1027 2834 1075 2868 urs.
1108 2821 1189 2870 Forte

81 2894 126 2944 bio
146 2895 237 2960 itsque
256 2896 419 2945 librariorum
438 2896 502 2945 sitio
517 2896 618 2945 numeri
656 2894 761 2959 scripsit
773 2900 864 2944 ructor
876 2894 968 2957 Etim,
983 2899 1023 2960 to.
1034 2897 1094 2947 rei:
1114 2899 1191 2946 Arte·

81 2971 299 3036 quinquagenarii
315 2972 359 3020 iiia
378 2978 450 3033 nota,
468 2971 493 3021 iu
516 2972 619 3036 quibus-
656 2972 725 3020 sistet
747 2972 806 3019 dors
826 2970 896 3036 fidos
921 2986 1064 3022 ascensores
1084 2974 1190 3037 reliquit·

81 3046 147 3096 dam
154 3048 289 3113 codicibus
302 3047 406 3111 penitus
418 3047 519 3110 omissa,
528 3048 554 3096 in
562 3046 618 3097 siiis
655 3046 746 3096 verbs
755 3046 890 3096 morientis
901 3047 970 3109 opud
980 3048 1113 3110 Spsrtinn.
1130 3062 1189 3111 cap.

81 3136 143 3173 cum
155 3130 218 3173 uota
229 3124 373 3174 centenarii
384 3123 466 3187 (quod
478 3122 554 3173 sociis
572 3122 618 3172 fic·
656 3126 696 3173 ²8.
729 3122 855 3172 ‘firmum
883 3122 1021 3185 imperinm
1050 3122 1190 3173 Antoninis

81 3198 104 3247 ri
132 3196 233 3263 potnit)
253 3204 414 3248 commutata
440 3197 500 3249 fuit.
525 3198 618 3249 Henm.
656 3200 721 3249 meis
743 3198 910 3263 relinquens!
943 3198 995 3250 Qui
1014 3198 1083 3249 idem
1106 3198 1189 3249 tradit

80 3271 144 3323 Vid.
153 3273 188 3323 sd
198 3274 279 3325 Dion.
291 3288 316 3338 p.
327 3278 384 3323 868.
657 3288 716 3339 csp.
736 3278 777 3324 2⁰.
797 3274 823 3324 in
844 3273 957 3337 quodem
979 3273 1057 3323 ibis:
1084 3274 1189 3339 ‘Septi-

117 3348 383 3415 Vsdumrrrxxxn]
404 3350 618 3415 Spartianusrns·
655 3352 734 3400 mium
775 3350 900 3400 Beretum
938 3346 1189 3411 immodcrstissimc,

81 3441 136 3477 m
146 3432 346 3491 roestcsp.18.
365 3428 458 3477 biuitis
468 3438 618 3478 autcmrcr·
655 3442 735 3493 quum
743 3434 899 3488 moreretur,
909 3428 1036 3488 iaetsturn,
1047 3426 1115 3491 quod
1125 3427 1188 3478 ditos

81 3504 121 3554 bis
131 3504 208 3554 neus
220 3504 291 3554 Hist.
303 3518 323 3553 1.
336 3508 361 3554 ὅ.
373 3504 508 3554 contendit
522 3506 619 3568 murm,
656 3502 804 3553 Antoninos
821 3504 879 3567 pari
897 3503 1006 3567 imperio
1024 3503 1188 3567 Reipublicae

81 3594 134 3630 uun
153 3594 248 3630 murum
269 3578 358 3630 inisse.
390 3580 435 3630 Dc
457 3580 618 3645 longitudine
656 3579 833 3644 relinqueret:
859 3579 925 3629 Huc.
953 3577 1023 3627 iliud
1042 3592 1097 3628 rurs
1119 3578 1190 3630 tirict

81 3656 145 3707 rolli
154 3655 215 3706 ride
225 3658 252 3705 in
265 3656 342 3705 variis
354 3656 524 3707 lectionibus:
545 3657 619 3707 Grae·
656 3670 761 3720 quoque
779 3654 906 3704 Paesnius.
940 3654 1010 3705 onis
1027 3668 1090 3703 vero
1100 3662 1190 3707 exstst

81 3747 128 3783 eus
144 3734 214 3784 enim
231 3734 283 3796 bic,
300 3748 377 3798 quem
387 3732 524 3783 Fuidensis
536 3734 618 3798 sequi·
656 3732 682 3781 in
703 3731 821 3780 omnibus
840 3731 935 3780 nostris
951 3730 1035 3782 codd.
1052 3731 1118 3782 Mos.
1129 3740 1189 3783 cunt

82 3818 135 3872 tur,
155 3810 233 3861 nimis
258 3811 347 3873 largus
371 3816 418 3858 est.
461 3810 618 3874 Augentque
656 3804 901 3857 Ceiiariofacerent.
924 3807 1037 3871 Veriqir.

81 3884 234 3935 centenario
258 3896 406 3944 nnmerum
430 3882 475 3933 sed
493 3885 560 3933 citro
578 3898 618 3935 rs·
689 3881 845 3944 Bmiusrrs]
862 3882 1028 3933 carrentruu.
1046 3884 1116 3933 otor.

80 3962 189 4011 tionem.
204 3962 273 4011 Num
284 3958 315 4008 rb
330 3957 462 4022 ἐλάχιστον
475 3958 619 4011 πλάτοιΙιιι-
688 3956 737 4007 Sed
745 3958 862 4007 Butrium
873 3958 990 4007 Antonini
999 3958 1096 4021 nrm]
1111 3958 1188 4022 Spar·

77 4036 121 4099 jus
142 4036 235 4085 insuia
252 4034 372 4085 continet
391 4034 537 4098 τριακοσίους
560 4052 618 4085 oro·
657 4032 742 4083 tianus
754 4032 886 4097 perbibet,
905 4033 1115 4096 apstreScrero
1127 4033 1189 4082 Bus-

81 4110 152 4165 rim.
175 4112 307 4178 xiphilin.
320 4110 465 4163 iuberem.
483 4112 542 4163 cett.
655 4108 728 4160 deno
754 4108 881 4161 Antonini
910 4122 1004 4160 nomen
1030 4106 1187 4173 impositum.
