2809 4684
216 269 261 336 12
619 283 667 330 nn
691 279 881 330 nurnorro

215 425 434 492 Claudianus.
488 424 572 488 Inde
597 444 677 488 vero
704 426 809 488 etiam
831 428 983 506 apparet,
1006 425 1168 504 quantum
1191 439 1216 484 a
1241 439 1323 484 vero

215 529 380 602 aberrent,
391 525 450 607 qui
467 525 667 608 Eutropium
689 534 835 589 nostrum
859 524 1041 604 Augustini
1059 523 1262 603 discipulum
1276 519 1325 584 fe-

215 635 342 701 cerunt,
358 629 420 690 etsi
442 627 503 690 fuit
528 628 599 692 baec
625 628 705 690 olim
725 623 912 691 multorum¹
939 625 1070 707 opinio.
1115 623 1325 704 Augustinus
1403 630 1404 691 ζ

215 730 304 796 enim
317 730 430 796 floruit
446 730 537 792 circa
552 727 650 790 finem
665 729 783 792 saeculi
797 729 829 790 4.
845 734 879 791 et
893 727 1023 790 initium
1033 727 1067 788 5.
1087 744 1157 808 quo
1175 729 1326 806 ternpore

218 832 403 913 Eutropius
427 831 478 893 vel
502 831 699 907 decesserat,
724 833 776 893 vel
799 837 888 894 certe
910 847 1015 891 senex
1039 827 1228 908 decrepitus
1254 823 1328 889 Au·

217 933 385 1017 gustinum
400 933 586 1015 discipulus
602 933 723 1007 audire⁴
733 952 799 994 non
814 935 952 1014 poterat.
999 929 1108 993 Immo
1124 928 1328 1010 Eutropium

216 1035 309 1102 illum
324 1035 553 1117 presbyterum
569 1033 686 1109 fuisse,
703 1032 887 1097 docuerunt
897 1030 1057 1105 cartusie
1079 1036 1219 1111 uterque
1235 1027 1326 1091 Mol-

216 1136 306 1203 lerus
334 1136 453 1200 Joan.¹³
488 1141 523 1199 et
545 1136 644 1198 Dan.⁰
670 1134 881 1198 Guilielmus.
942 1131 1098 1197 Manavit
1138 1131 1327 1196 secundum

216 1236 379 1303 Vossium
394 1238 436 1300 ed
453 1237 538 1300 alios
554 1237 607 1300 hic
627 1256 717 1301 error
740 1257 787 1300 ex
813 1235 1018 1310 Genuadic,¹'
1046 1235 1112 1298 etsi
1126 1234 1182 1296 bic
1196 1232 1239 1296 de
1254 1231 1328 1294 Eu·

217 1341 328 1422 tropio
343 1340 537 1420 presbytero
552 1345 692 1414 tantum,
709 1339 751 1401 de
774 1338 937 1401 historico
950 1335 1044 1411 nihil,
1059 1340 1096 1397 ut
1109 1334 1184 1398 libri
1198 1351 1328 1397 memo-

216 1440 283 1504 rati
310 1439 470 1516 indicent,
510 1439 626 1504 refert.
676 1437 725 1502 At
751 1440 882 1522 pluresq
908 1437 1041 1500 fuerunt
1069 1435 1240 1517 Eutropii,
1267 1434 1329 1517 qui

218 1547 318 1605 caute
334 1540 479 1604 discerni
500 1540 633 1616 debent,
648 1541 713 1604 nisi
733 1540 809 1622 quis
834 1538 915 1603 velit
928 1543 1078 1619 tempora
1100 1537 1254 1613 miscere,
1270 1534 1330 1599 vel

219 1643 422 1726 conjecturis
438 1642 533 1706 vanis
549 1641 728 1722 indulgere.
760 1640 879 1704 Liceat
889 1639 956 1702 hoc
971 1658 1074 1702 unum
1087 1636 1218 1714 addere,
1234 1636 1331 1718 quod

217 1741 301 1808 forte
314 1743 358 1808 ad
373 1742 806 1824 cognoscendaijutropii
814 1742 918 1806 nostri
929 1742 1067 1805 aetatem
1080 1738 1195 1802 referri
1203 1737 1327 1820 possit.

116 1909 120 1920 ‚
218 1845 380 1913 Paeanius
394 1845 429 1908 in
444 1843 661 1927 metaphrasir
686 1845 778 1908 facto
793 1843 1034 1918 additamento,
1060 1841 1186 1915 scribit,
1203 1838 1330 1903 Narsei

218 1951 366 2030 nepotes,
385 1945 601 2010 Hormisdam
624 1949 657 2010 et
680 1947 853 2029 Saporem,
879 1963 976 2008 suam
999 1948 1134 2009 aetatem
1161 1941 1329 2030 attigisse,

221 2047 306 2112 Cum
327 2050 405 2111 vivo
431 2047 595 2129 Eutropio
616 2049 807 2112 versionem
831 2065 927 2110 suum
950 2045 1114 2110 Paeenius
1137 2041 1330 2105 confecisse
1403 2048 1404 2127 t

219 2148 352 2212 minime
366 2146 526 2223 videatur,
542 2147 694 2226 efficitur,
705 2147 901 2229 Eutropium
916 2152 994 2228 post
1008 2145 1132 2210 bellum
1146 2142 1332 2207 Gothicum
1403 2136 1404 2147 ’

219 2249 410 2332 primumn
424 2247 569 2312 Valente
588 2255 733 2330 gestum,
753 2248 844 2331 quod
867 2248 939 2310 sine
961 2246 1066 2312 dubio
1091 2245 1199 2308 innuit
1213 2245 1331 2310 infrne
1403 2236 1404 2309 Ῑ

221 2351 345 2433 operis,
367 2358 401 2416 et
423 2356 497 2415 ante
521 2351 660 2433 Saporis
686 2357 823 2416 mortem
845 2350 971 2414 obiisse
992 2351 1085 2414 circe
1106 2366 1229 2413 annum
1249 2346 1330 2411 370.

221 2449 309 2530 Qua
324 2453 461 2536 quidem
485 2455 680 2535 supputatio
713 2453 868 2517 adhibito
901 2453 936 2517 in
960 2451 1148 2516 subsidium
1170 2445 1333 2529 Agathia¹
1403 2472 1404 2483 ¹

220 2553 272 2618 ita
298 2555 476 2636 probatur:
510 2555 638 2620 Narses
660 2556 812 2637 regnavit
837 2573 943 2618 annos
964 2555 998 2617 7.
1022 2569 1153 2616 menses
1167 2551 1199 2614 b.
1244 2547 1332 2614 Cum
1403 2542 1404 2577 ³

220 2673 244 2720 a
267 2653 406 2719 Galerio
434 2654 646 2722 Maximiano
673 2659 783 2722 victus
806 2655 904 2722 fuerit
929 2676 960 2721 a.
988 2653 1129 2720 c.297.⁸
1162 2669 1330 2736 ponamus

221 2757 341 2822 mortis
361 2776 494 2834 anuum,
519 2759 577 2841 qui
600 2761 680 2841 poni
708 2758 886 2824 commode
910 2764 1032 2842 potest,
1058 2776 1103 2822 ex
1124 2761 1242 2818 nostra
1261 2771 1333 2818 πη

219 2857 297 2924 300.
352 2856 527 2922 Successit
553 2860 772 2937 Honnisdas,
793 2861 852 2943 qui
874 2861 976 2926 etiam
998 2857 1174 2941 imperavit
1194 2853 1333 2920 totidem

221 2975 338 3033 annos,
355 2961 456 3038 igitur
469 2961 512 3022 ad
531 2979 654 3024 annum
669 2961 710 3024 C.
724 2962 802 3026 307.
846 2961 993 3043 Sapores
1008 2959 1097 3024 vixit
1111 2957 1328 3039 regnavitque

219 3059 335 3136 simul,
358 3059 486 3142 quippe
512 3063 569 3142 qui
592 3062 703 3126 infans
726 3081 841 3126 recens
862 3063 972 3126 editus
994 3081 1053 3125 rex
1074 3067 1164 3124 esset
1185 3063 1330 3136 creatus,

221 3179 327 3226 annos
349 3162 404 3224 70.
427 3162 514 3225 unde
536 3161 673 3227 efficitur
695 3185 799 3228 annus
823 3163 862 3227 G.
876 3165 954 3228 377.
998 3163 1126 3228 Valens
1143 3159 1228 3224 obiit
1242 3177 1275 3222 a.
1291 3156 1330 3223 C.

220 3261 297 3328 878.
343 3262 403 3326 Sin
426 3265 608 3346 proconsul
630 3264 724 3333 Asiae
747 3273 860 3330 noster
886 3267 962 3343 suit,
986 3265 1071 3328 obiit
1091 3263 1224 3327 demum
1252 3266 1331 3344 post

721 3414 829 3464 Nom

254 3525 261 3559 ¹
277 3527 337 3576 Vid.
357 3541 421 3592 qnos
438 3527 572 3577 nominant
589 3529 695 3577 Vossius
718 3529 752 3578 de
825 3535 838 3570 Ρ
856 3531 884 3578 C.
897 3530 914 3578 Ι.

221 3604 282 3654 trist.
296 3605 352 3653 cat.
365 3617 395 3654 ιι.
407 3609 431 3654 8.
450 3604 581 3652 Aubertus
594 3606 702 3653 Minurus
720 3605 754 3653 ad
825 3615 838 3648 ¹1
856 3607 897 3654 Dc
920 3605 1012 3669 quibus
1023 3604 1076 3654 vid.
1087 3603 1222 3653 Fabricius
1242 3619 1267 3655 c.
1276 3605 1294 3655 l.
1304 3619 1331 3668 p.

223 3679 388 3730 Gennadium
402 3679 507 3728 deutris
523 3682 754 3732 iltrrstribrrsc.t9.
795 3687 850 3731 1³2.
862 3697 900 3746 sq.
935 3681 1012 3729 Addo
1023 3682 1111 3743 ulium,
1131 3679 1243 3729 eundem
1267 3695 1332 3743 pre·

222 3761 251 3805 et
271 3757 365 3803 Canius
393 3757 417 3802 in
437 3756 527 3804 tristor.
547 3757 615 3807 liter.
634 3758 756 3818 scriptor.
794 3758 891 3806 fectum
910 3758 1033 3820 praetorio
1053 3757 1101 3805 sub
1120 3755 1328 3819 Impereturibns

223 3830 318 3878 eccles.
330 3832 387 3879 Vol.
400 3845 418 3879 1.
437 3846 463 3894 p.
475 3835 530 3880 tlt.
559 3831 667 3897 (oxonii
681 3839 756 3884 triu.
797 3835 887 3883 Leone
902 3842 930 3882 et
949 3833 1098 3894 Anthemio,
1116 3833 1155 3880 uti
1175 3832 1287 3884 decitur
1299 3845 1331 3881 ex

223 3903 286 3967 fol.)
797 3908 861 3960 eou.
873 3907 1002 3957 Theodos.
1014 3921 1033 3957 1.
1043 3911 1069 3969 ⁸,
1079 3910 1121 3965 03,
1131 3910 1172 3956 st.

255 3989 273 4015 Ν
291 3982 348 4032 C.t.
827 3988 947 4032 finio.
1264 4030 1269 4036 .

255 4065 268 4092 ὓ
283 4049 690 4124 IuHonrbnynmscop.—p.sfi9.
826 4058 911 4107 ¹Lib.
936 4072 975 4108 iv,
986 4073 1012 4121 p.
1021 4055 1243 4122 0οΑψοοΝοι

255 4142 268 4169 0
284 4135 316 4186 ln
328 4135 433 4184 dissert.
443 4136 476 4184 de
487 4137 624 4202 Eutropio.
826 4132 1136 4199 ‘Vidadi'utropct
1200 4197 1205 4205 ἢ
