2809 4684
527 293 576 346 sn
606 292 810 357 surrento,
1176 275 1221 342 87

109 458 132 505 a
147 439 283 506 Graecis
296 437 370 504 lieri
385 437 504 516 solost,
522 436 577 502 vel
591 441 783 520 argumento
796 433 967 513 illuderit,
981 433 1073 522 qnod
1084 434 1222 527 Cupito,

105 541 286 606 historicus
334 539 472 624 Lycius,
494 541 655 623 epitomes
678 537 832 622 Eutropii
854 535 1033 624 μπᾶφρασιν
1052 524 1224 624 scripserit

106 641 248 708 Graece:
280 648 319 707 ut
346 641 470 707 Suidns
493 641 592 707 docet
612 644 647 706 in
672 639 818 706 iterim.
863 640 972 706 Immo
992 647 1027 706 ot
1048 641 1222 722 Simierm,

107 747 145 810 iu
160 744 364 830 Appendico
388 744 601 810 bibliothccae
616 743 771 824 Gesneri,
795 746 949 822 testatur,
970 743 1006 808 in
1019 743 1225 812 bibliotheca

107 847 152 912 P.
185 847 317 912 Pitboei
346 855 463 913 extare
496 847 633 912 usuario
665 846 846 934 perdepsuit
879 845 1045 914 Romanae
1068 846 1224 932 Eutropii

109 951 287 1016 historiae.⁵
332 946 386 1015 Ac
398 950 498 1016 video
513 949 669 1034 quaedom
683 965 728 1014 ox
741 949 884 1014 Paeonio
897 950 962 1014 boc
976 949 1073 1014 citari
1096 968 1120 1016 o
1139 948 1223 1016 Sca·

109 1050 227 1134 ligero.
272 1049 481 1136 Compendio
511 1050 662 1134 Eutropii
687 1050 817 1116 Paulus
831 1051 1017 1130 Diaconos,
1030 1051 1120 1116 malo
1141 1069 1224 1136 sanc

112 1154 283 1237 exemplo,
297 1171 361 1216 sua
382 1153 530 1234 infersit3
552 1161 593 1218 nt
605 1152 713 1236 liquet
734 1171 779 1215 ex
792 1151 949 1216 undecim
965 1153 1083 1234 primis
1099 1151 1221 1218 Histo-

110 1257 171 1321 rie
188 1255 357 1322 Miscellae
380 1256 494 1322 libris:
523 1253 566 1320 de
589 1255 714 1340 quibus
728 1254 890 1331 dicemus,
912 1273 989 1318 cum
1010 1253 1055 1319 ad
1077 1253 1225 1320 Paulum

114 1357 309 1422 Diaconum
322 1355 497 1424 deventum
512 1358 586 1422 erit.
631 1356 786 1422 Meminit
799 1363 835 1423 et
848 1355 1003 1442 Eutropii
1017 1355 1114 1420 Beda
1130 1354 1224 1422 Hist.

113 1457 217 1542 Angl.
243 1459 319 1523 Lib.
345 1477 368 1523 t.
392 1479 424 1526 c.
448 1461 502 1524 ll.
528 1466 572 1538 et,
600 1459 657 1543 qui
681 1459 810 1524 soeculo
834 1462 905 1523 toto
920 1457 1019 1524 Beda
1033 1453 1226 1541 juniorest,
1308 1537 1312 1544 Ι

115 1559 323 1646 Hiocmems
346 1561 556 1640 Rbemensis‚
581 1561 747 1646 opusculo
770 1561 815 1627 od
846 1560 1068 1625 Hincmarum
1093 1558 1228 1626 hudo·

115 1683 254 1728 oensem
275 1683 350 1749 cap.
374 1665 427 1730 16.
462 1666 521 1730 nbi
559 1663 601 1729 de
634 1663 773 1730 castello
795 1662 957 1728 Laudono
984 1663 1128 1746 loquens
1161 1663 1228 1730 aits

116 1764 258 1844 ‘Quod
291 1767 381 1832 sicut
414 1766 607 1850 Eutropius,
630 1769 791 1850 entiquus
811 1765 1107 1849 historiographus,
1129 1763 1228 1842 (licit,

118 1875 257 1932 auctore
279 1869 473 1935 Morcobrio
505 1875 648 1953 pretore
679 1870 860 1947 conditum,
882 1870 926 1933 ab
947 1868 1088 1934 exordio
1118 1869 1172 1934 sni
1193 1869 1229 1934 in

119 1971 319 2052 paganismo
342 1973 426 2036 inter
448 1971 616 2050 civitatee,
641 1972 695 2036 vel
731 1971 954 2056 provinciales
976 1971 1087 2050 sedes,
1108 1991 1230 2038 nomen

119 2077 152 2136 et
186 2071 302 2136 locum
336 2090 404 2136 non
433 2073 570 2138 babuit-⁹
613 2071 715 2138 Facit
734 2080 769 2138 et
799 2074 998 2138 mentionem
1021 2071 1230 2140 Flodoordus

122 2173 247 2246 Pontis.
263 2173 363 2239 Rem.
378 2175 455 2240 Lib,
471 2192 495 2239 r.
510 2195 586 2259 cap.
601 2176 634 2240 1.
649 2182 682 2241 et
695 2175 768 2242 leo
782 2174 950 2240 Ostiensis
970 2172 1047 2260 (qui
1061 2173 1175 2242 Alexii
1196 2182 1232 2242 et
1300 2217 1305 2227 ι

123 2275 266 2342 Hemici
288 2275 403 2362 Impp.
419 2279 624 2362 temporibus
639 2277 719 2357 suit)
734 2276 889 2344 chronici
904 2275 1096 2342 casinensis
1111 2278 1188 2344 Lib.
1205 2295 1231 2343 r.

124 2398 199 2463 cap.
215 2381 271 2444 17.
316 2380 370 2444 De
385 2379 549 2464 Eutropio
570 2381 636 2446 boc
659 2383 766 2446 sotis:
788 2401 811 2445 a
831 2399 900 2464 quo
916 2379 1071 2444 diversus
1093 2387 1148 2444 est
1160 2379 1233 2446 Eo·

123 2483 248 2566 tropius
262 2480 524 2564 grammaticns‚⁶
546 2503 647 2566 quem
662 2483 704 2546 de
724 2483 830 2548 literis
850 2489 968 2548 testem
980 2479 1233 2548 loudatPrisci·

127 2603 210 2648 unns
234 2583 353 2647 libr.
374 2585 454 2648 item
469 2583 651 2669 Eutropius
672 2584 839 2664 medicus,
859 2589 1058 2650 memoratus
1069 2583 1234 2652 Marcello

126 2681 298 2767 Empirico
311 2683 444 2769 praeiet.
458 2687 568 2770 operis
578 2686 620 2752 do
634 2681 898 2752 medicamentis.

353 2867 529 2936 Bultlrosur
545 2869 752 2958 Bonifatius⁷
775 2871 812 2936 de
831 2869 996 2956 Eutropio.

168 2986 310 3052 Fluvios
333 2986 515 3074 Eutropius
536 2990 653 3054 decem
686 2990 894 3056 brevissimis
924 2989 1020 3054 libris
1042 2988 1235 3054 Romanam

127 3086 299 3168 historiam
322 3089 463 3154 strictim
485 3092 698 3176 complexus,
722 3090 823 3158 Pauli
844 3093 991 3158 Diacoui
1012 3092 1136 3175 injuria
1158 3105 1235 3172 pro·

129 3188 260 3268 doctius,
274 3210 317 3255 ec
330 3211 375 3256 ex
398 3193 549 3258 conferto
565 3194 703 3260 dilutior
716 3193 856 3261 effectus
869 3213 1002 3258 omnem
1016 3210 1115 3276 paene
1129 3188 1236 3276 digni·

128 3291 230 3357 tut'em
253 3295 387 3376 omisit3
409 3295 514 3365 donec
536 3297 627 3362 fideli
641 3317 744 3382 opero
752 3296 890 3361 Antonii
904 3294 1087 3362 Scbonovii
1099 3295 1135 3360 in
1150 3293 1236 3358 inte·

631 3523 740 3574 NO'l'AE

160 3637 176 3684 b
192 3633 285 3685 Codex
292 3633 416 3685 lsteidstn
426 3633 596 3687 videturesse
604 3649 664 3687 cam
703 3636 813 3688 Testim.
824 3635 964 3686 Prisciani.
994 3607 998 3614 Ι

132 3862 294 3928 prodierunt,
316 3863 455 3914 duodecim
472 3879 568 3930 nempe
592 3865 666 3916 annis
705 3881 786 3933 psrce
803 3879 908 3927 exsors,
928 3872 957 3916 et
974 3865 1002 3914 in
1023 3863 1164 3915 Germanis
1182 3863 1240 3914 {ers

133 3947 188 4008 post
214 3939 359 3990 editionem
389 3939 515 3991 Historia
542 3942 666 3992 Romame
706 3944 798 4006 inrisu,
807 3957 841 3992 err
852 3941 997 4007 Angliesna
1012 3939 1171 3992 bibliothece
1181 3954 1241 4004 pro·

132 4015 292 4080 Scriptorum
299 4015 668 4083 Grtecorumsyiburgisnsnr.
708 4018 828 4074 trairitet
847 4016 1005 4067 Heimstadii
1023 4016 1136 4082 imprimi
1154 4015 1240 4075 denno

161 4095 178 4140 o
193 4091 272 4142 Unde
279 4091 331 4142 boc
338 4090 434 4142 didicit
443 4091 562 4144 l'osslosi
574 4095 668 4145 Nonne
708 4094 811 4148 curavit
821 4091 863 4146 Cl.
874 4093 1046 4144 Basmasnos.
1166 4110 1171 4119 ·

134 4167 206 4232 pion
216 4167 325 4234 scripsit
336 4167 500 4236 Eutropius?
515 4171 548 4223 V.
559 4185 630 4237 supr.
641 4171 670 4222 in
