2809 4684
193 265 237 332 28
616 281 664 328 os
689 280 880 329 cursorio

191 425 234 490 lis
254 422 472 502 Alexanderp
498 432 625 490 ceteros
649 445 670 490 a
693 427 805 490 1701
820 425 936 489 ordine
957 423 1108 488 historice
1132 421 1301 488 miscella
1398 434 1399 478 l

194 534 312 593 notato
334 527 376 589 ad
402 527 447 590 24
468 526 668 609 Landulpho
693 527 826 609 Sagaci.
884 525 1026 589 Eadem¹
1053 523 1155 588 etiam
1180 525 1307 590 discre-

195 630 313 712 parilia
329 623 489 712 objicitur
513 631 549 692 in
564 631 819 693 accessionibus
834 629 949 704 variis,
973 628 1095 710 quibus
1115 632 1239 690 auctus
1253 631 1307 690 est

194 732 231 795 in
243 732 380 794 historia
393 731 545 795 miscella
560 731 754 814 Eutropius.
801 730 881 793 Non
894 731 983 793 enim
999 727 1146 792 Codices
1159 729 1236 812 eJus
1251 747 1307 791 so·

194 831 277 909 lum,
306 833 364 895 scd
385 839 417 896 et
440 833 514 897 libri
540 832 621 896 editi
636 832 737 896 modo
758 832 873 914 plures
888 832 1076 908 inferciunt,
1103 831 1204 894 modo
1222 847 1309 913 pau·

146 997 151 1006 ,
196 935 318 1010 ciores,
335 933 430 1016 quod
446 941 479 998 et
494 939 632 1017 apparet
647 953 691 998 ex
707 936 809 1010 notis,
825 953 912 1016 quus
927 934 1075 1017 subjecit
1087 931 1306 1007 Mamurius,
1398 950 1399 957 ¹

196 1043 230 1101 et
244 1057 306 1117 ego
323 1039 397 1118 ipse
412 1037 562 1100 intellexi
586 1057 629 1100 ex
644 1037 895 1118 comparatione
909 1035 1116 1099 Gmtenanae
1131 1033 1303 1109 editionis,
1398 1108 1399 1111 Ἴ

196 1157 298 1219 quam
313 1140 448 1220 quidem
463 1140 519 1204 ille
533 1138 690 1221 neglexit.
737 1138 901 1201 Diversus
914 1144 968 1202 est
982 1138 1082 1200 etiam
1095 1135 1208 1200 Paulli
1221 1133 1309 1197 Dia·

197 1239 276 1302 coni
292 1240 487 1324 Eutropius,
510 1243 618 1325 qualis
632 1242 714 1306 olim
728 1240 895 1324 prodibat,
919 1241 962 1304 ab
979 1238 1142 1323 Eutropio
1157 1238 1308 1301 historie
1398 1268 1399 1319 r

195 1340 370 1418 miscellae,
383 1344 510 1425 quippe
524 1363 599 1426 quae
611 1343 714 1406 alium
727 1341 883 1405 Paullum
893 1343 1064 1424 magisque
1079 1346 1216 1404 auctum
1230 1356 1311 1421 pro·
1398 1408 1399 1413 ἵ

195 1441 298 1519 ducit,
313 1463 412 1526 quam
429 1445 488 1527 qui
504 1443 654 1527 Eutropii
671 1442 765 1507 libris
776 1444 920 1526 appendi
935 1443 1028 1507 solet.
1068 1443 1243 1506 Praeterea
1253 1439 1309 1503 bic

198 1543 242 1608 ad
252 1545 372 1608 librum
384 1545 712 1629 xvnrproducitur,
722 1564 798 1607 cum
807 1544 1308 1608 historiamiscellahabeatae.

198 1644 241 1710 In
251 1647 394 1711 editione
407 1655 515 1712 tamen
528 1648 716 1712 Basileeusi
732 1667 806 1710 ann.
822 1647 921 1710 1532.
936 1645 1081 1728 decuplo
1093 1645 1200 1728 major
1209 1644 1310 1708 exhi-

197 1749 487 1834 beturEutropius
496 1750 696 1825 et231ibris,
708 1769 827 1831 nempe
836 1755 973 1813 servato
983 1749 1141 1812 librorum
1152 1747 1310 1831 Eutropii

198 1850 327 1927 ordine,
342 1853 517 1915 historiam
531 1851 574 1915 ad
595 1851 717 1914 Leonis
732 1857 885 1932 tempora
899 1850 1057 1933 pertexit.
1102 1847 1216 1932 Atque
1228 1849 1308 1914 binc
1398 1840 1399 1883 ³

198 1951 348 2016 conflata
369 1963 420 2016 est
443 1954 583 2017 historia
605 1952 767 2028 miscella,
793 1951 983 2033 diversique
1008 1950 1086 2013 inde
1108 1951 1173 2013 orti
1197 1949 1312 2014 Paulli

199 2051 347 2120 Diaconi
370 2057 445 2120 libri
461 2061 494 2119 et
508 2057 587 2137 ipsa
604 2055 802 2136 discrepans
825 2053 976 2117 historia.
1022 2050 1126 2128 Quod
1138 2053 1188 2115 uti
1206 2053 1312 2116 colla·

199 2157 248 2220 tio
273 2160 452 2240 utriusque
482 2157 688 2220 recensionis
712 2154 814 2218 facile
845 2155 968 2217 docere
994 2160 1118 2235 potest,
1140 2153 1189 2217 ita
1205 2155 1311 2237 probe
1398 2194 1399 2197 =

199 2258 384 2321 tenendum
399 2264 493 2340 puto,
509 2277 550 2320 ne
564 2276 643 2342 vera
654 2256 742 2318 ratio
758 2257 918 2319 turbetur.
964 2241 1032 2319 Sed
1047 2260 1087 2318 ut
1100 2256 1310 2320 luculentius

199 2359 264 2423 ista
280 2369 478 2442 appareant,
506 2365 608 2422 totam
631 2357 854 2440 questionem
877 2357 1005 2432 ordine,
1025 2363 1060 2419 et
1076 2365 1250 2438 quatenus
1265 2379 1311 2422 ex

200 2463 403 2545 scriptorum
418 2461 553 2524 indiciis
575 2459 741 2542 explicari
757 2477 862 2541 posse
877 2458 1043 2535 videatur,
1070 2459 1216 2523 breviter
1231 2479 1313 2542 per·

199 2581 334 2646 sequar.
381 2563 533 2644 Eutropii
555 2563 707 2639 historia,
732 2562 776 2624 ob
792 2560 1002 2643 perspicuam
1024 2563 1226 2625 brevitatem
1258 2583 1312 2626 re-

199 2683 340 2747 rumque
364 2665 651 2748 amplissimarum
670 2664 895 2747 complexum,
911 2664 1047 2746 cupide,
1068 2684 1145 2728 cum
1161 2669 1196 2726 et
1219 2674 1314 2730 esset

201 2765 404 2850 Imperatori
417 2769 557 2833 Valenti
572 2768 740 2841 dedicata,
759 2786 780 2828 a
793 2767 908 2830 multis
922 2773 1077 2848 excepta,
1094 2766 1261 2842 lectitata,
1277 2775 1312 2832 et

200 2871 343 2952 repetita
358 2876 418 2934 est.
465 2871 601 2934 Docent
626 2869 675 2945 id,
701 2875 824 2951 praeter
847 2876 1024 2932 auctorum
1045 2869 1242 2932 testimonia
1258 2890 1314 2934 su-

200 2989 263 3056 pra
278 2975 436 3056 apposita
450 2981 483 3037 et
497 2979 660 3054 excerpta
683 2991 706 3034 a
728 2971 843 3034 multis
870 2969 1027 3052 Eutropii
1053 2971 1143 3048 loca,
1159 2973 1312 3036 maxime

201 3055 371 3138 versiones
399 3073 575 3158 Capitonis
590 3081 623 3138 et
637 3073 780 3150 Paeonii,
806 3093 828 3136 a
847 3074 1001 3157 pluribus
1014 3079 1220 3149 memoratae,
1237 3075 1314 3156 qui·

201 3176 266 3240 bus
292 3178 445 3241 ellectum
474 3182 535 3254 est,
565 3176 657 3240 utin
681 3173 879 3240 Graecorum
902 3177 1004 3239 ctiam
1026 3193 1148 3237 manus
1164 3181 1199 3238 et
1211 3195 1312 3240 usum

201 3277 383 3361 Eutropius
397 3279 592 3362 perveniret.
637 3277 692 3342 Ita
706 3297 799 3356 vero,
814 3277 904 3360 quod
918 3277 1005 3341 solet
1019 3278 1056 3340 in
1071 3276 1165 3341 libris
1176 3277 1312 3342 brevio-

201 3379 306 3457 ribus,
332 3383 367 3444 in
399 3381 524 3464 quibus
550 3383 673 3444 artium
693 3388 730 3444 et
752 3379 976 3444 doctrinarum
1001 3380 1101 3443 lineae
1128 3379 1310 3459 ducuntur,

201 3482 348 3544 maxime
363 3483 399 3544 in
414 3482 596 3558 historicis
619 3489 748 3545 mature
773 3482 826 3545 vel
850 3480 1132 3563 explicationibus
1154 3483 1211 3546 vel
1232 3502 1314 3566 sup·

202 3581 378 3666 plemeutis
404 3581 555 3665 Eutropii
584 3583 686 3648 lectio
716 3583 842 3668 adjuta,
872 3583 947 3665 ipse
973 3584 1086 3647 vanas
1111 3583 1312 3647 mutationes

700 3767 810 3817 NOTAE

201 3873 364 3925 cres—Tou.
374 3889 455 3926 xvnr.
467 3891 492 3942 p.
500 3882 557 3928 242.
776 3880 897 3930 labbeus
906 3879 940 3929 de
949 3879 1083 3942 scriptorr.
1093 3876 1188 3927 eccles.
1196 3871 1312 3926 Tomu.

234 3960 247 3995 u
264 3949 297 4000 In
305 3951 364 4002 bist.
373 3953 465 4004 eccles.
476 3955 548 4004 Tom.
557 3969 583 4005 v.
595 3969 621 4019 p.
632 3943 690 4005 ded.
776 3971 803 4021 p.
822 3959 879 4006 1⁷2.
902 3953 1029 4004 Seldenur
1053 3952 1087 4002 ed
1113 3951 1242 4014 Eutycbii
1265 3951 1314 4002 cri·

234 4021 302 4077 ref.
322 4042 386 4092 quor
413 4028 505 4080 laudat
522 4030 655 4082 Febricius
676 4031 736 4081 cl.
775 4030 848 4097 pines
858 4030 1051 4082 Alexandrinas
1062 4045 1089 4096 p.
1099 4031 1190 4082 16³.—

202 4103 298 4156 Pitlroei
315 4102 437 4172 prefatio
454 4105 489 4158 ad
507 4107 569 4160 hist.
584 4107 737 4173 miseellam,
