2809 4684
173 271 197 336 o
593 289 642 338 nu
667 287 856 338 uurnorro

62 447 65 454 “
173 431 217 501 G.
231 433 307 500 879.
320 437 357 497 ut
373 431 488 497 docuit
503 429 659 516 Scaliger¹
682 434 933 499 iniectionibus
957 430 1179 511 Ausouianisj
1186 440 1224 498 et
1235 453 1280 498 ex

175 533 369 622 Symmachi
381 535 459 599 loco
475 541 771 618 supramemorato
786 539 935 600 astruere
948 539 1090 599 conatus
1104 541 1168 598 est.
1200 535 1281 600 Fuit

173 641 251 704 item
266 637 446 721 proconsul
469 636 576 715 Asiae,
600 645 658 704 aut
675 637 783 704 fuisse
796 637 939 716 ridetur,
963 635 1146 720 Eutropius
1166 644 1281 702 noster

169 741 267 805 'circa
285 759 317 802 a.
341 736 380 800 C.
403 737 491 816 378„
521 738 729 822 Imperatore
751 743 905 820 Valente,
935 743 986 806 uti
1010 761 1052 804 ex
1081 739 1279 805 narrationis

174 841 259 906 serie
270 840 430 918 discetur,
444 839 486 903 de
497 859 564 924 quo
579 841 668 905 infra
683 843 814 906 dicendi
829 861 966 925 campus
981 843 1109 925 patebit
1124 841 1280 924 apertior.

169 941 223 1008 ¹At
236 942 417 1024 refragatur
431 947 616 1026 temporum
630 945 730 1022 ratio,
744 963 812 1027 quo
830 945 938 1007 minus
957 949 1133 1027 utrumque
1145 943 1280 1006 coucili-

172 1045 225 1111 'ari
245 1049 280 1109 et
303 1044 460 1127 componi
483 1051 573 1110 recte
598 1047 716 1128 possit.
762 1045 881 1123 Immo,
901 1065 944 1110 au
962 1051 1073 1110 noster
1087 1044 1281 1129 Symmachi

173 1145 355 1229 Eutropius
378 1146 491 1224 suerit,
513 1165 573 1210 neo
596 1148 677 1210 satis
696 1152 819 1210 certum
833 1155 898 1224 est,
917 1155 952 1210 et
967 1147 1058 1228 gravi
1073 1145 1281 1211 dubitatione
1398 1174 1399 1235 ι

174 1251 346 1332 premitur.
391 1247 518 1311 Noster
544 1247 644 1325 enim,
672 1253 833 1331 quantum
858 1267 902 1312 ex
926 1248 1060 1312 iudiciis
1090 1247 1280 1312 manifestis

172 1355 323 1433 apparet,
350 1350 385 1412 iu
409 1347 555 1412 Orientis
569 1349 727 1412 'maxime
752 1349 903 1432 partibus
923 1355 1075 1412 vorsatus
1095 1355 1157 1413 est.
1203 1348 1279 1426 Ille,
1398 1354 1399 1391 r

173 1471 273 1536 quem
288 1449 510 1533 Symmachus
525 1458 770 1527 commemorat,
785 1456 818 1513 et
830 1455 956 1533 partem
967 1451 1183 1532 antiquiorem
1198 1449 1281 1512 ami·

172 1571 432 1617 corumsuorum
446 1555 581 1630 vocat,¹²¹
605 1553 640 1615 iu
653 1551 753 1617 Italia
767 1552 826 1614 diu
837 1552 915 1632 egit,
929 1558 963 1615 et
977 1558 1052 1614 aute
1066 1552 1193 1615 abitum
1210 1570 1280 1614 sor·

170 1669 287 1717 moues
303 1653 523 1716 suavissimos
538 1672 615 1717 cum
630 1653 706 1736 ipso
721 1674 813 1738 saepe
823 1654 1060 1732 miscuerat,ut
1072 1655 1278 1736 expluribus

170 1753 256 1818 locis
271 1754 473 1836 intelligitur.
519 1751 608 1832 Quas
625 1755 762 1836 quidem
776 1756 805 1818 si
821 1756 898 1838 quis
911 1755 1070 1839 expedire
1082 1756 1173 1832 velit,
1187 1761 1223 1820 et
1236 1755 1280 1820 ad

168 1859 319 1918 trostmm
349 1855 479 1934 referre,
504 1855 628 1920 multas
652 1861 823 1920 removeat
846 1875 868 1919 a
893 1854 1127 1937 chronologica
1149 1857 1279 1921 ratione

166 1955 320 2039 'objectas
335 1955 558 2035 difficultates,
584 1975 695 2040 neque
710 1963 820 2020 tamen
841 1958 972 2039 longius
986 1957 1090 2020 multo
1105 1975 1279 2040 promove-

165 2053 230 2119 tit.
275 2053 402 2122 Contra
416 2057 559 2122 Vinctus
573 2059 606 2122 in
621 2057 822 2141 praefatione
844 2057 888 2122 ad
904 2057 1100 2141 Eutropium
1115 2057 1279 2124 Constan-

164 2155 423 2240 tinopolitanum
446 2177 522 2223 eum
547 2160 654 2223 fuisse
683 2165 790 2242 putat,
805 2181 876 2238 seu,
903 2161 1036 2243 qualem
1058 2180 1096 2224 se
1119 2148 1292 2227 memoret¹

169 2254 369 2322 Ammianus
396 2258 639 2337 Marcellinus,¹²
680 2259 839 2325 Graecum
868 2267 902 2324 et
923 2261 1108 2339 militarem,
1135 2283 1278 2348 eamque

169 2361 431 2425 sententiamhis
446 2361 649 2445 argumentis
672 2362 820 2426 stabilire
833 2362 970 2442 nititur;
994 2363 1082 2445 quod
1113 2364 1187 2446 ejus
1217 2385 1278 2432 no·

168 2481 245 2526 meu
273 2463 408 2528 unicum
430 2465 482 2530 -sit
511 2469 545 2528 et
570 2464 826 2545 Graecauicum3
855 2465 943 2548 quod
973 2464 1047 2546 ejus
1076 2467 1182 2531 oratio
1211 2488 1278 2533 nou
1399 2506 1400 2515 ι

169 2561 348 2627 admodum
366 2563 519 2629 Romana
540 2564 621 2650 (nisi
637 2567 713 2648 quis
728 2567 854 2630 saeculo
869 2565 963 2629 malit
976 2567 1176 2652 ascribere);
1208 2576 1278 2634 tum

169 2661 260 2746 quod
284 2663 371 2726 bella
399 2665 444 2728 sit
469 2672 615 2743 sooutuS,
630 2667 664 2729 in
685 2687 726 2730 eo
748 2668 829 2729 orbe
842 2673 955 2748 gesta;
985 2675 1166 2750 postremo,
1183 2671 1276 2755 quod

168 2761 303 2826 adeum
319 2765 498 2848 scripserit,
514 2769 571 2850 qui
587 2765 680 2848 apud
703 2766 1026 2850 Constantinopolim
1052 2777 1183 2853 partem
1208 2771 1276 2836 lm-

166 2863 253 2947 perii
270 2861 414 2928 Romani
430 2865 690 2930 administrabat
738 2866 860 2950 Neque
873 2876 987 2934 tamen
1000 2871 1070 2948 illa,
1085 2873 1146 2935 etsi
1162 2893 1275 2938 nume·

165 2983 204 3026 ro
218 2970 330 3042 auota,
341 2964 487 3046 pondere
498 2985 561 3030 suo
576 2969 661 3031 satis
676 2975 898 3035 commovent.
943 2971 981 3035 Si
995 2974 1084 3037 enim
1093 2973 1128 3036 in
1138 2978 1274 3040 nomine

166 3063 290 3129 Graeco
315 3067 454 3144 haereas,
483 3087 597 3132 omnes
628 3076 704 3134 sunt
731 3069 855 3149 Graeci,
881 3073 941 3155 qui
965 3072 1123 3140 Graecum
1153 3097 1276 3141 nomon

165 3170 294 3248 gerunt,
309 3173 343 3232 et
362 3187 383 3232 a
407 3169 590 3252 majoribus
613 3171 747 3237 Graecis
763 3173 923 3254 originem
947 3180 1127 3254 traxenmt,
1142 3197 1275 3243 omnes·

166 3285 234 3348 que
254 3268 341 3333 adeo
367 3269 535 3356 Eutropii,
561 3273 620 3357 qui
648 3280 771 3357 praeter
789 3281 939 3338 nostrum
966 3286 1275 3345 commemorantur.

165 3363 254 3430 Tum
282 3367 358 3451 ipsc
392 3371 507 3451 sensit,
538 3373 583 3437 ad
610 3393 725 3438 ornnes
753 3377 949 3459 posterioris
975 3382 1087 3443 aetatis
1115 3388 1274 3446 auctores

163 3465 278 3533 referri
292 3489 406 3552 posse,
426 3471 515 3555 quod
535 3472 576 3537 de
593 3475 741 3539 oratioue
759 3475 912 3560 Eutropii
923 3497 989 3542 non
1003 3479 1186 3545 admodum
1201 3481 1275 3548 Ro-

163 3587 264 3634 mana
287 3573 425 3639 monuit.
471 3572 592 3657 Neque
617 3575 780 3639 validiora
805 3583 891 3654 sunt,
907 3588 1175 3666 momentumque
1194 3583 1274 3649 atie-

162 3675 247 3750 runt,
273 3691 351 3757 quaa
381 3674 424 3738 iis
454 3673 589 3760 adjecit.
635 3675 726 3755 Quis
747 3679 835 3743 euim
856 3686 965 3762 neget,
989 3683 1024 3746 iu
1046 3683 1149 3750 ltalia
1172 3691 1273 3751 natos

663 3857 773 3910 NOTAE

154 3955 157 3963 '
204 3962 211 3996 ¹
227 3977 258 4014 rr.
273 3969 312 4018 17.
775 3979 787 4006 ¹
803 3972 863 4024 uu.
876 3987 958 4026 uxr.
967 3981 1035 4027 extr.

193 4045 211 4073 ¹
229 4053 273 4092 ιιι.
288 4045 330 4092 to.
