2809 4684
237 212 303 284 642
488 227 681 277 naoausus
704 223 872 284 oaorem
897 229 1075 285 uurnorrr

334 611 342 618 ·
420 600 696 686 nncsusos
729 601 987 710 conruunt
1017 600 1134 678 mss.

635 798 934 866 EUTROPII

280 1086 283 1090 Α
300 987 377 1071 'nor
393 1015 434 1070 rs
452 1013 712 1072 arsurornncrs
729 1017 963 1072 snmsuurcrs
980 1016 1246 1071 enervamus.

618 1244 934 1300 -“--.......----.---

271 1507 499 1572 Euraorruu
519 1503 685 1570 canonius
707 1501 913 1586 perlectnris,
936 1505 974 1565 ut
998 1501 1105 1567 crifioi
1125 1500 1245 1579 solent,
1266 1519 1318 1563 co

227 1607 329 1684 dices,
357 1608 416 1691 qui
444 1611 634 1689 sequuntur,
659 1603 854 1682 Britannici,
874 1601 1093 1686 notutndigni
1114 1602 1259 1668 fortusse
1272 1601 1318 1666 ri·

226 1703 375 1771 deantur.

514 1860 637 1928 Codices
656 1859 690 1924 in
706 1857 814 1924 Museo
835 1859 1029 1928 Britannico.

230 2075 234 2085 Ι
270 1995 412 2063 Bibliotl
429 1993 508 2082 ch.
531 1995 622 2061 1513
646 2011 727 2059 xvr.
749 1993 858 2060 codex
871 1997 929 2080 qui
944 1996 1101 2073 continet,
1122 1995 1155 2060 1.
1168 1993 1317 2079 Eutropii

197 2097 387 2164 Eumenes
404 2097 568 2161 Historias
592 2094 682 2178 Epit.
704 2095 762 2160 lib.
779 2109 819 2160 X.
863 2095 895 2161 2.
918 2095 1016 2162 Pauli
1040 2096 1186 2162 Diaconi
1212 2098 1315 2164 conti·

222 2198 389 2263 nuationis
403 2196 550 2281 ejusdem
564 2195 669 2260 libros
684 2211 736 2258 vr.
778 2195 811 2260 3.
827 2193 978 2260 Victoris
998 2195 1171 2261 Uticensis
1193 2197 1252 2262 lib.
1273 2197 1314 2260 de

221 2297 410 2363 Vandalica
426 2295 673 2361 Persecutione.
710 2294 829 2360 Codex
851 2297 1021 2381 antiquus,
1035 2298 1215 2362 membran.
1230 2315 1313 2363 saec.

222 2415 263 2465 x.
277 2400 332 2465 vel
349 2417 404 2464 xi.
463 2397 578 2462 Habet
599 2396 755 2481 quasdam
770 2397 952 2480 Eutropius
966 2398 1149 2482 interjectu,
1162 2397 1315 2462 fabulosa
1367 2441 1376 2466 .

221 2501 374 2565 Historia
388 2499 467 2564 iani
482 2506 519 2562 et
533 2499 665 2564 Saturni
678 2497 900 2580 praecedente.
931 2497 1088 2564 Historia
1101 2497 1256 2581 Eutropii
1267 2500 1314 2563 sic

218 2599 355 2683 incipit:
378 2597 592 2663 ‘Romanum
615 2597 715 2679 igitur
735 2597 922 2680 imperium,
946 2616 1013 2682 quo
1035 2617 1141 2680 neque
1157 2597 1202 2660 nb
1219 2617 1315 2664 exor-

219 2701 275 2766 dio
289 2701 393 2764 ullum
407 2699 475 2763 iera
489 2699 614 2775 minus,
639 2715 747 2780 neque
761 2697 960 2763 incremento
974 2702 1044 2761 toto
1062 2699 1141 2762 orbe
1157 2699 1312 2782 amplius,

108 2786 110 2789 ⁵
217 2803 360 2866 humana
385 2804 495 2883 potest
518 2798 678 2862 memoria
701 2797 881 2874 recordari,
919 2796 1109 2862 aRomulo
1135 2799 1310 2864 exordium

216 2900 331 2977 habet,
357 2899 415 2981 qni
429 2898 535 2961 Rhoas
554 2897 670 2961 Silviae
692 2895 842 2962 Vestalis
856 2896 1015 2980 Virginis,
1029 2901 1067 2962 ut
1087 2900 1308 2980 praemissum,

217 3000 321 3078 filius,
339 3005 385 3078 et,
410 3004 570 3082 quantum
585 3001 722 3080 putatus
737 3003 801 3075 est,
825 2997 956 3075 Martis,
983 3017 1059 3062 cum
1082 2997 1310 3065 Remorum

216 3121 282 3167 uno
297 3107 393 3186 partu
416 3095 526 3183 editus
544 3097 616 3163 est?
660 3097 837 3165 Mutilatus
860 3106 913 3165 ast
936 3099 1044 3165 codex
1063 3099 1126 3164 sub
1149 3099 1228 3176 fine,
1251 3101 1310 3166 sed

215 3201 329 3287 qnoud
344 3200 537 3282 Eutropium
552 3201 689 3281 integer,
706 3205 932 3285 exaratusque
941 3200 1060 3264 nitide.

257 3303 301 3366 13
323 3301 353 3365 G
376 3319 425 3366 1v.
450 3301 605 3383 Eutropii
621 3300 715 3364 Hist.
729 3298 829 3364 Rom.
844 3299 921 3364 Lib.
937 3315 976 3362 x.
998 3304 1033 3362 et
1047 3297 1148 3364 Pauli
1164 3299 1308 3366 Diaconi

214 3401 468 3465 continuationis
482 3399 632 3483 ejusdem
655 3399 728 3463 Lib.
746 3415 796 3463 vr.
820 3419 897 3464 cum
918 3401 1030 3465 multis
1052 3399 1130 3464 aliis
1152 3400 1308 3466 continet.

215 3499 299 3565 Cod.
315 3501 454 3565 illumin.
469 3505 501 3563 ct
513 3500 678 3581 eleganter
691 3505 863 3564 exaratus.
886 3499 975 3564 Saec.
991 3517 1055 3563 xv.

255 3601 298 3664 15
320 3600 348 3664 G
370 3618 421 3664 vr.
443 3617 517 3665 cum
539 3601 612 3664 aliis
633 3599 846 3681 amplectitur
866 3597 944 3682 (art.
959 3597 1008 3681 2.)
1029 3598 1184 3681 Eutropii
1206 3593 1305 3665 Rom.

213 3699 305 3765 Hist.
336 3700 409 3775 ¹Lib.
435 3717 474 3762 x.
504 3705 539 3763 et
563 3699 661 3764 Pauli
688 3699 834 3763 Diaconi
857 3699 1119 3764 continuationis
1152 3698 1231 3764 Lib.
1254 3715 1304 3763 vs.

79 3849 86 3854 ·
212 3800 396 3868 Mambran.
413 3819 494 3863 saec.
511 3816 583 3866 xu.

255 3898 408 3965 Bibliotlr.
424 3897 520 3963 Harl.
543 3901 590 3964 N.
604 3902 681 3966 654.
706 3901 826 3966 Codex
850 3900 1040 3967 Membran.
1063 3903 1099 3966 in
1117 3903 1190 3964 lto.
1212 3901 1302 3966 circe

209 4021 292 4070 soec.
305 4017 386 4104 xiv.
408 4003 592 4082 continens,
628 4003 660 4066 l.
681 4001 838 4090 Eutropii
864 4003 957 4070 Hist.
979 4000 1168 4068 Rom.·1ib.
1185 4016 1225 4069 x.
1268 4002 1300 4065 2.
