2809 4684
167 152 236 220 reo
382 207 386 216 .
501 167 693 218 nuouusus
719 167 932 232 uorrronuu

169 311 293 376 fuctum
307 310 594 393 expurgationem.
633 309 720 388 Quae
733 315 887 374 maneant
900 309 1000 392 igitur
1013 309 1176 388 addendo,
1190 310 1264 376 lroee

172 417 260 478 sunt.

215 511 407 575 L'Histoire
430 509 595 575 Romaine
615 511 845 595 d'EutropiuS,
871 532 913 575 en
927 513 970 576 10
984 513 1097 576 liures.
1120 510 1268 576 nPariS.

172 615 250 680 evo.
273 615 369 678 1500.
413 612 501 678 Vide
526 614 691 678 Biblioth.
718 615 914 693 Franpoises
941 613 983 676 de
1013 614 1047 677 ln
1083 611 1188 680 Croix
1203 699 1206 705 Ι
1222 614 1268 677 du

174 716 290 781 Mai'ue
306 723 340 778 et
362 715 404 779 de
425 715 470 778 du
484 715 635 793 Verdier,
652 737 710 799 par
731 715 772 779 de
794 715 816 780 J
819 717 951 800 uviguy,
969 723 1049 780 tom.
1068 732 1125 780 111.
1141 735 1176 799 p.
1191 715 1268 781 225.
1397 701 1398 766 ἕ

174 825 210 883 et
224 817 394 882 Maittaire
410 815 528 880 Annal.
543 809 756 901 Typogrnph.
772 822 850 880 tom.
866 833 922 879 ιιι.
937 835 969 899 p.
984 803 1061 880 717.

217 917 415 983 Riimischer
438 917 619 980 Historien·
632 917 842 999 Belumnng.
866 917 940 982 Fol.
963 911 1154 1000 Stresburg.
1174 917 1272 984 1500.

176 1020 359 1102 Eutropius
380 1019 513 1103 quidem
537 1020 573 1082 in
597 1019 694 1084 titulo
719 1021 911 1084 nominatim
940 1019 1116 1095 indicetne,
1149 1018 1208 1082 sed
1231 1020 1273 1082 eb

176 1120 403 1206 'Eppeudorfio
422 1120 466 1184 ud
489 1120 623 1185 Florum
646 1121 843 1184 summatim·
860 1125 983 1185 tuntum
1015 1120 1185 1184 adhibitus
1209 1123 1274 1182 ost.

177 1223 260 1288 Vid.
275 1223 403 1306 Degen.
419 1243 450 1288 c.
464 1225 487 1287 l.
520 1222 641 1287 Contra
655 1223 831 1306 Bipontini
856 1223 925 1286 sic:
948 1227 958 1256 ‘
974 1223 1068 1287 1536.
1086 1222 1201 1298 Basel,
1217 1219 1275 1286 sol.

103 1320 107 1331 “
180 1325 310 1403 Florus,
324 1325 451 1389 Sextus
468 1323 603 1401 Ruffus,
618 1324 688 1392 und
704 1323 888 1406 Eutropius
901 1320 1122 1387 verteutscht.’

224 1426 352 1492 Notuut
378 1427 547 1509 Bipontini
568 1444 668 1490 uuam
683 1423 836 1508 Eutropii
851 1425 1046 1500 versionem,
1068 1423 1147 1488 Suo.
1169 1420 1277 1486 Vene-

181 1529 249 1604 tie,
263 1529 361 1591 1544.
392 1525 473 1590 Alia
487 1529 589 1610 etiem
603 1527 754 1609 ejusdem
766 1527 842 1590 anni
859 1532 892 1589 et
900 1525 973 1589 loci
987 1529 1132 1601 notetur,
1147 1541 1277 1607 nempe,

183 1627 232 1691 Le
247 1627 325 1703 vite,
348 1628 361 1689 i
381 1626 535 1702 eostumi,
558 1645 578 1689 e
598 1625 672 1690 fatti
694 1625 779 1707 degl'
794 1625 993 1709 Imperatori
1013 1625 1170 1704 Romani,
1186 1634 1279 1710 purte

182 1709 291 1807 trutte-
304 1727 338 1791 di
361 1727 499 1792 Aurelio
522 1727 665 1805 Vittore,
688 1734 787 1810 purte
810 1726 845 1790 di
870 1726 1052 1813 Eutropio,
1068 1734 1102 1792 et
1124 1737 1223 1810 parte
1246 1727 1280 1792 di

183 1829 295 1894 Paulo
316 1830 483 1907 Iliueouo,
504 1849 565 1914 per
586 1829 719 1895 Comini
733 1829 778 1894 du
797 1828 900 1894 'l'rino
920 1829 955 1892 di
969 1827 1194 1908 Mouserruto,
1206 1828 1281 1894 Suo.

184 1929 272 1996 Veu.
286 1931 385 1996 1544.

229 2031 408 2115 Eutropius
422 1983 605 2098 translated
620 2032 689 2096 into
704 2031 842 2114 English
856 2033 902 2118 by
917 2031 1079 2097 Niolrolas
1095 2031 1284 2116 Heywurd,

186 2136 263 2200 svo.
285 2132 392 2198 nonu.
408 2133 506 2200 ruer.
533 2133 610 2199 vir.
626 2133 897 2198 einnonem.
921 2133 1068 2198 uorem
1084 2135 1286 2214 versionem,
1397 2111 1398 2194 ζ

187 2241 226 2301 ut
239 2235 381 2311 videtur,
390 2235 454 2299 sub
468 2234 534 2301 hoe
548 2256 578 2304 u.
592 2241 775 2301 memorant
786 2235 969 2320 Bipontini,
979 2236 1037 2299 sed
1050 2235 1123 2300 sine
1138 2236 1289 2300 auctoris
1397 2247 1398 2266 ¹

188 2355 336 2402 nomine.
1397 2381 1398 2398 2

234 2437 429 2525 Eutropius,
450 2437 528 2502 8vo.
560 2435 721 2502 Coloniae.
755 2437 851 2502 1570.
882 2457 958 2501 oum
985 2435 1115 2500 Aurelii
1139 2434 1290 2500 Victoris
1397 2497 1398 2506 .

191 2539 354 2623 Epitome.
381 2537 487 2604 Notat
496 2536 539 2602 0.
555 2537 603 2602 Η.
617 2537 815 2603 Tusohueke
829 2540 864 2602 iu
875 2559 935 2603 suo
946 2538 1109 2603 Tractutu
1124 2535 1290 2620 Eutropio

192 2639 351 2726 praefixo:
373 2639 568 2723 ‘Bipontini
591 2641 766 2704 memorari
790 2641 876 2712 hune
900 2639 1078 2704 editionem
1100 2639 1254 2703 scribunt
1270 2657 1292 2702 e

192 2743 345 2808 Grunero
367 2743 402 2806 in
417 2742 615 2827 praelatione
628 2742 708 2806 edit.
723 2742 874 2808 Victoris
900 2762 932 2806 a.
946 2742 1044 2807 1757.
1067 2747 1102 2805 ot
1120 2739 1292 2805 Grunerus

77 2848 80 2854 '
193 2845 242 2909 ibi
256 2844 279 2908 J
281 2845 427 2909 ustinum
441 2849 567 2907 tuntum
578 2842 746 2925 adjectum
758 2863 836 2920 esse,
846 2843 946 2924 dioit;
962 2843 1004 2907 de
1015 2841 1180 2925 Eutropio
1194 2841 1292 2906 nihil:

181 2964 301 3030 ‘oeque
316 2943 590 3024 Fabriciorum
603 2943 783 3010 editionem
799 2943 976 3010 indicavit:

209 3102 211 3107 .
238 3043 293 3110 De
313 3043 459 3109 editione
479 3043 557 3108 Suo.
579 3043 685 3124 Lugd.
700 3042 780 3110 Bet.
799 3045 896 3110 1592.
918 3046 1095 3110 observent
1118 3042 1294 3127 Bipontini
1397 3063 1398 3074 ¹

91 3191 95 3199 -
137 3192 140 3196 ι
195 3149 293 3211 notus
307 3145 470 3230 adjecisse
485 3143 575 3210 Heu.
591 3143 810 3222 ereremum,
834 3150 868 3209 et
880 3145 982 3210 etium
1001 3143 1173 3210 Vinetum.
1218 3143 1296 3208 Nou

197 3252 305 3313 reete:
329 3254 428 3312 notus
442 3247 553 3312 nullus
568 3246 760 3330 adjecenmt
773 3247 831 3311 isti
845 3247 919 3311 viri.

242 3347 404 3412 Historiae
419 3347 583 3414 Romanus
595 3349 815 3427 Breviorium‚
828 3343 923 3414 libris
937 3363 975 3410 x.
988 3346 1069 3412 8νο.
1081 3343 1186 3410 Autv.
1201 3345 1297 3412 1607.
1397 3329 1398 3360 ³

200 3442 309 3513 catat.
324 3449 425 3516 Bodl.
470 3449 582 3516 Editio
600 3451 674 3516 haec
696 3452 860 3529 omittitur
873 3456 940 3516 tam
955 3469 976 3513 a
990 3449 1180 3532 Bipontinis
1194 3467 1297 3530 quum

201 3570 223 3614 a
237 3547 277 3612 C.
293 3548 341 3612 H.
353 3550 563 3616 Tuschuclre.
605 3553 779 3636 Bipontini
791 3554 902 3629 etiam,
914 3553 949 3616 ni
964 3550 1122 3628 ludimur,
1137 3550 1198 3613 vix
1212 3557 1299 3614 reete

200 3650 303 3716 locuti
316 3657 393 3715 suut
413 3651 456 3716 de
478 3651 667 3738 Christoph.
683 3652 820 3718 Cellurii
835 3653 915 3718 edit.
930 3672 1005 3736 quse
1020 3661 1166 3737 quartum
1183 3649 1301 3714 editio-

201 3770 280 3816 num
299 3750 441 3816 classem
461 3751 568 3819 duxit.
612 3753 776 3834 cellerius
790 3757 888 3832 euim,
910 3755 968 3836 qui
992 3753 1218 3837 superioribus
1232 3751 1302 3816 edi·

203 3853 331 3921 toribus
343 3858 378 3917 et
390 3853 467 3917 eliis
488 3855 690 3939 adjumentis
711 3877 805 3936 usus,
827 3856 1025 3940 Eutropium
1039 3853 1303 3937 reddiditmugis

205 3955 416 4036 castigatum,
439 3954 568 4036 publici
587 3960 675 4041 juris
695 3959 778 4022 fecit
798 3977 896 4022 suum
916 3957 1106 4034 editionem,
1128 3975 1198 4020 una
1228 3973 1304 4020 cum
1397 4029 1398 4050 χ

207 4055 340 4124 Paeanii
352 4053 556 4141 metaphrasi
570 4057 629 4124 Gr.
644 4059 751 4126 ruriis
767 4059 963 4138 lectionibus
977 4065 1010 4126 et
1023 4055 1303 4136 annotationibus,
