2809 4684
570 283 654 332 ΟΛΡ.
679 281 748 334 vlt.
1166 271 1211 340 21

100 425 225 508 signet,
241 426 295 494 rel
318 427 412 511 ipsos
432 447 590 492 annorum
604 447 760 493 numeros
780 433 941 512 apponat.
985 428 1075 495 Tum
1088 429 1212 498 alibro

100 528 179 592 inde
193 530 354 613 oepfinm,
369 549 447 594 cum
470 531 514 594 nd
540 531 743 612 singulorum
766 532 940 606 arbitrium
954 537 990 596 et
1006 532 1212 600 dominatum

99 649 153 692 res
170 631 311 712 publice
335 632 468 715 relapsa
481 639 579 710 osset,
595 633 639 697 ad
662 635 804 716 priorem
818 635 979 698 rationem
991 631 1089 710 redit,
1103 640 1140 697 et
1153 653 1213 716 per

100 731 295 816 principum
310 733 398 798 vitas
414 735 559 818 plurium
572 753 736 800 annornm
749 755 804 800 res
818 743 933 820 gestas
946 735 1077 818 digerit,
1092 735 1127 800 in
1142 756 1211 819 quo

101 831 252 914 quidem,
266 836 296 897 si
312 855 479 900 summam
498 855 614 900 earum
639 841 783 920 spectes,
805 837 975 903 difficilius
1001 836 1064 902 luit
1086 853 1210 904 enare.

103 931 233 998 Contra
246 939 368 1016 evenit,
382 939 442 1003 nbi
462 939 609 1020 singulos
630 959 738 1004 annos
751 941 895 1006 numeris
909 939 1056 1006 maxime
1070 940 1211 1019 indicet,

102 1036 232 1118 quippe
247 1040 316 1120 qui,
332 1059 398 1104 non
422 1041 538 1119 literis,
553 1042 611 1106 sed
626 1043 733 1125 signis
746 1044 802 1108 vel
819 1044 911 1109 notis
925 1044 1096 1127 expressi,
1109 1043 1212 1110 laoile

102 1157 125 1205 a
149 1137 362 1206 librariorum
389 1143 566 1208 incuriosis
586 1144 746 1209 manibus
770 1146 880 1210 vitiari
900 1145 1008 1211 solent
1026 1152 1064 1208 et
1084 1145 1212 1229 disjici,

101 1243 195 1323 quod
209 1245 295 1306 etin
307 1250 424 1308 nostro
439 1265 533 1328 saepe
548 1246 675 1312 sautum
702 1267 779 1311 esse
800 1265 886 1312 usus
910 1245 1025 1324 docet,
1041 1253 1088 1324 ut,
1110 1265 1211 1329 quern

100 1344 308 1425 supputandi
327 1346 493 1412 rationem
509 1355 643 1413 secutus
658 1351 716 1414 ille
731 1351 786 1427 sit,
800 1349 939 1414 minime
956 1354 1016 1413 aut
1037 1367 1126 1430 tegre
1139 1353 1211 1416 sta·

100 1449 191 1508 tuere
217 1447 331 1525 liceat,
356 1447 398 1512 de
425 1469 492 1533 quo
517 1451 668 1515 mouendi
695 1453 730 1516 in
755 1453 831 1536 ipso
853 1453 1095 1516 commentario
1117 1469 1212 1533 saepe

100 1552 322 1616 occasionem
344 1553 399 1616 vel
425 1554 653 1618 necessitatem
681 1555 853 1639 objectum
876 1573 954 1618 osse
981 1553 1083 1618 sensi.
1126 1553 1213 1618 Sunt

99 1659 221 1729 temen,
236 1655 297 1718 ubi
322 1654 470 1720 Codioes
495 1659 685 1735 concinunt,
700 1677 779 1741 quae
799 1655 964 1722 Varronis
981 1659 1026 1722 ab
1040 1673 1084 1720 eo
1098 1654 1211 1719 calcu·

98 1748 150 1814 los
166 1755 331 1835 probatos
345 1777 421 1822 esse
434 1759 604 1823 suadeant.

550 1991 658 2058 CAP.
680 1992 768 2059 VlI.

378 2159 427 2206 ΒΕ
450 2158 645 2208 ΟΒΔΊἹΟΝΕ
670 2151 946 2208 ΒΗΤΒΟΡΙΑΝΔ·“

141 2275 250 2342 Usus
267 2285 320 2343 est
335 2277 519 2362 Eutropius
543 2281 578 2343 iu
593 2278 835 2344 conscribenda
856 2276 1003 2355 historia,
1025 2295 1102 2360 quae
1118 2277 1215 2343 decet

98 2380 261 2456 maxime,
271 2381 421 2445 oratione
436 2383 535 2458 tenni,
551 2385 680 2464 aperta,
696 2387 730 2444 et
744 2381 938 2464 perspicua,
949 2378 1002 2442 sio
1014 2384 1052 2443 ut
1066 2377 1215 2443 ueuwto

99 2481 192 2542 omni
207 2481 277 2545 fere
299 2489 419 2547 ornatu
443 2483 600 2566 cultuque
622 2483 844 2564 exquisitioni,
868 2481 941 2543 sino
954 2479 1134 2543 verborum
1147 2497 1211 2542 nu·

99 2582 284 2646 morosiore
299 2601 464 2660 mensura,
488 2590 521 2648 et
543 2582 755 2668 periodorum
777 2582 958 2646 ambitiosa
979 2585 1146 2645 iunctura
1158 2597 1214 2644 res

609 2795 717 2848 Nom

129 2927 142 2954 ¹
165 2919 209 2970 De
230 2919 352 2984 Eutropii
371 2920 488 2971 oratione
509 2920 640 2970 disserunt
679 2917 764 2967 Porro
783 2918 809 2966 in
821 2915 966 2966 uniueisum
984 2915 1067 2979 negiu
1087 2911 1216 2980 diepam,

99 3003 324 3046 commentatores
347 2996 373 3044 in
391 2993 597 3059 pannonibus,
611 3002 639 3045 et
679 3001 718 3057 et,
727 3009 787 3058 qn·
797 2992 947 3057 propiund
958 2993 1150 3056 ipnumesunn
1158 3005 1217 3056 per·

99 3071 143 3136 qni
153 3071 190 3122 de
202 3071 355 3120 ueteribus
367 3071 501 3122 veteribus
514 3085 639 3134 expoiue·
681 3073 775 3133 tinent,
790 3070 902 3120 strictim
921 3076 1024 3119 tantum
1044 3069 1154 3132 attingit
1170 3081 1217 3132 po-

100 3153 170 3210 runt,
181 3145 268 3193 veluti
281 3144 387 3194 Vossius
399 3144 432 3195 ds
444 3147 572 3196 historicis
591 3147 639 3198 Ln-
682 3148 742 3210 tius,
757 3161 834 3211 quum
847 3146 959 3210 pressius
967 3144 1141 3208 persequitur.
1164 3143 1215 3193 llle

99 3219 202 3272 tlrrisn.
215 3223 240 3270 8.
274 3221 358 3271 Olsus
371 3219 520 3272 Borrichiuu
538 3223 561 3271 in
579 3235 638 3272 eon·
680 3223 786 3289 quidem
797 3223 907 3272 oonsilio
915 3221 1050 3284 proposito
1061 3219 1218 3281 intentet

98 3304 190 3361 speetu
203 3297 417 3360 parandorum
436 3300 591 3362 scriptorum
611 3313 637 3348 n.
679 3295 1217 3360 exvirtuttbusnntoncinyussrooptu

98 3376 235 3437 aput.
270 3373 401 3422 Walclriu
413 3373 439 3422 in
451 3374 557 3424 historin
568 3375 638 3424 criti·
679 3376 817 3440 dijudiest.
857 3373 1000 3425 Contendit
1018 3379 1107 3423 suun
1125 3379 1155 3423 et
1173 3387 1222 3424 ex·

99 3464 129 3512 ra
141 3451 171 3500 1..
182 3449 214 3499 L.
235 3463 296 3512 cip.
307 3453 333 3498 8.
349 3449 458 3498 s.-sed
479 3449 540 3499 datu
559 3465 640 3514 opera
679 3453 773 3517 empl‘u
790 3450 946 3516 quibusdem
968 3448 1077 3514 prolatis
1097 3449 1219 3498 evincere

98 3525 164 3575 lunc
188 3523 364 3588 questionem
387 3523 499 3573 instituit
519 3524 640 3574 Reinher·
680 3528 781 3589 studet,
811 3528 963 3592 puritatem,
989 3524 1216 3590 perspicultntu,

100 3601 147 3651 dus
169 3602 196 3651 ln
225 3600 413 3650 dissertatione
433 3599 589 3664 philologius
605 3599 640 3649 tle
680 3605 836 3670 dignitatem
847 3603 1041 3656 emunitatem
1058 3602 1114 3665 (¹50⁸
1134 3601 1214 3652 onti-

101 3677 167 3741 stylo
180 3675 316 3740 Eutropii,
328 3691 405 3740 quam
418 3675 532 3740 praelixit
547 3673 641 3726 editio·
680 3683 725 3732 oni
735 3683 829 3731 inesse.
862 3679 915 3730 Sed
931 3693 980 3744 pro
993 3677 1217 3743 ipsodisputstio·

104 3749 130 3799 ui
140 3766 203 3814 rue,
223 3757 252 3800 et
263 3750 289 3799 in
315 3749 442 3814 peculini
464 3749 552 3800 libello
574 3750 640 3815 Aug.
681 3755 943 3807 nismodulodiutius
957 3755 985 3805 iu
1001 3755 1076 3806 aditu
1092 3764 1217 3819 noritur,

103 3825 210 3878 Gottlob
222 3827 295 3877 Frid.
315 3825 452 3877 Kottitzius
469 3825 502 3876 de
523 3834 641 3880 veterum
680 3831 785 3882 indeed
797 3830 1217 3898 persequendisorntienlrhieto·

104 3901 252 3952 latinorum
306 3903 423 3952 lectione
467 3900 641 3968 (vitemberg.
680 3907 743 3958 rien
764 3907 875 3958 virtutes
900 3906 978 3958 latine
996 3906 1159 3972 expatiatur,
1186 3913 1216 3956 et

105 3983 171 4030 ltu.
181 3979 220 4038 8.)
236 3979 281 4030 cni
295 3977 427 4043 appendit
448 3985 588 4030 tractatum
605 3981 639 4030 de
681 3983 755 4048 qussi
766 3983 799 4034 nd
812 3984 879 4034 vium
890 3980 979 4050 eliqua
989 3999 1023 4034 ex
1033 3983 1163 4048 Eutropio
1174 3981 1218 4032 de·

103 4055 165 4118 styla
177 4054 309 4119 Eutropii.
337 4053 639 4108 Nimietamenhiunlte
680 4060 774 4125 eoepit.

103 4141 151 4180 ren
162 4131 273 4196 repetit,
280 4137 312 4180 et
319 4129 408 4180 eliens
418 4144 491 4196 sape
499 4127 639 4184 immiscet.
