2809 4684
567 301 652 358 uss.
676 305 729 358 Vi.
1052 240 1055 250 Ι
1158 289 1204 360 19

93 447 158 512 etsi
184 445 414 533 Sylburgius:
434 449 489 513 cui
503 450 604 515 etiarn
634 457 756 536 postea
777 467 935 516 assensus
951 449 1208 533 ostceltariusf
1263 505 1267 515 ,

97 551 326 634 suspicionem
354 549 473 635 injicit,
496 571 558 634 pro
585 551 686 617 Livio
709 552 795 617 sorte
820 551 958 617 Florum
979 554 1204 636 reponendam

94 671 180 730 esse,
195 653 250 716 vel
264 653 378 735 ipsum
393 652 532 718 Suidem
552 655 715 717 memoria
728 654 862 736 lapsum
874 671 1013 731 errasse,
1028 655 1111 736 quia
1124 674 1204 721 oon·

92 757 171 829 stet,
185 774 208 818 a
223 753 337 830 Floro,
360 773 426 821 uon
449 754 493 816 ab
517 752 683 838 Eutropio
703 754 856 818 Liviana·
870 755 1019 820 historiae
1038 757 1204 839 epitomen

92 853 220 919 iactam
231 874 323 932 esse,
334 861 368 919 et
381 861 545 940 praetereo
559 854 745 940 Eutropius
758 875 826 920 nou
847 855 949 934 Livii,
961 857 1020 920 sed
1036 856 1202 926 Romanus

92 954 256 1032 historiae,
285 975 449 1020 summam
468 959 683 1022 constrictam
707 957 876 1035 exhibeat,
903 963 1045 1041 eamque
1070 959 1115 1024 ad
1139 979 1205 1025 sua

94 1075 204 1139 usqae
227 1063 379 1139 tenpore
401 1056 491 1121 ultro
512 1056 663 1123 Livianae
686 1054 835 1122 historiis
854 1061 1030 1125 terminum
1045 1059 1202 1126 deducet.

97 1157 200 1223 Forte
211 1166 327 1222 tamen
342 1159 403 1222 illa
416 1159 529 1223 referri
545 1166 692 1241 possunt
715 1158 758 1222 ad
779 1178 866 1237 eam,
892 1165 927 1224 et
943 1161 1077 1244 quidem
1091 1162 1203 1245 potio-

95 1279 178 1336 rem,
192 1261 342 1325 historim
357 1267 497 1344 partem,
519 1279 622 1344 qnam
642 1259 762 1324 Livius
780 1259 970 1343 descripsit.
1014 1259 1113 1328 Certe
1125 1282 1203 1329 eum

97 1360 228 1442 passim
257 1361 294 1422 in
314 1359 481 1424 erroribus
509 1361 609 1424 etiarn
638 1360 826 1425 manifestis
856 1363 1031 1445 sequitur.¹
1083 1363 1204 1448 Neque

96 1469 209 1526 tamen
232 1481 331 1526 servo
359 1462 523 1544 obsequio
545 1461 597 1526 illi
620 1462 699 1526 duci
727 1463 850 1546 paruit,
874 1462 936 1527 sed
952 1465 1051 1530 rebus
1066 1465 1204 1530 oliunde

97 1563 295 1646 exploratis,
310 1562 365 1627 rol
379 1561 519 1627 aliomm
541 1563 743 1628 testimoniis
758 1563 931 1643 adhibitis,
951 1568 995 1631 ab
1009 1565 1085 1651 ejus
1098 1567 1204 1633 resti·

97 1665 164 1748 giis
175 1662 328 1730 recedit.¹¹
371 1664 463 1730 Hinc
485 1665 572 1730 forte
595 1664 731 1730 delusus
755 1666 799 1730 od
826 1666 925 1731 devia
946 1667 1048 1733 fertur
1069 1670 1205 1735 etfulso

98 1765 230 1850 passim
250 1761 381 1843 narret,¹
399 1766 459 1829 nbi
483 1766 624 1831 rectiora
642 1766 745 1832 tradit
768 1767 900 1846 livius,
921 1789 999 1852 qnae
1013 1772 1116 1838 otiam
1129 1791 1204 1836 mo·

98 1871 340 1944 numentorum,
351 1866 514 1932 fastorum
528 1868 708 1952 inprimis,
726 1867 791 1934 tide
806 1871 1073 1954 comprobantur.
1119 1872 1203 1952 Qui·

97 1967 240 2034 busdam
259 1969 505 2034 narrationibus
526 1989 635 2056 prava
663 1971 839 2051 admiscet,
867 1973 950 2056 qnia
973 1975 1028 2039 vel
1056 1975 1202 2041 leviores

99 2078 254 2137 suctores
269 2075 405 2136 secutus
419 2076 481 2149 est,
500 2071 555 2137 rel
581 2073 768 2155 graviorum
781 2073 885 2137 verba
897 2073 1096 2156 negligenter
1107 2074 1202 2158 legit,

98 2178 158 2238 aut
171 2174 259 2238 male
274 2172 452 2238 intellexit.
501 2171 555 2238 lta
567 2169 703 2251 narrat}
718 2171 890 2238 Csesnrem
904 2173 1007 2238 bisin
1022 2173 1205 2242 Germania

98 2275 187 2340 mele
202 2293 385 2359 pugnasse,
401 2274 493 2358 quod
516 2275 619 2339 semel
646 2277 778 2339 tantum
801 2274 928 2340 facturn
951 2281 1032 2340 erat.
1076 2275 1134 2342 Sic
1158 2297 1204 2344 ex

101 2375 295 2460 capitolino
317 2395 379 2461 pro
403 2373 581 2440 ministeriis
605 2397 681 2440 enm
706 2378 862 2442 retulisse
883 2373 1049 2446 rnim'stros¹
1070 2384 1205 2443 monna

98 2479 160 2544 uiri
174 2479 282 2556 docti,
308 2481 365 2564 qui
380 2478 422 2542 de
442 2479 534 2543 vasis
556 2477 668 2542 locum
691 2478 884 2561 intelligunt.
929 2474 1058 2540 sentos
1076 2478 1203 2558 tribuit,

98 2598 176 2664 quae
191 2581 320 2647 rectius
335 2580 377 2644 de
398 2577 530 2644 Hosida'o
548 2578 836 2644 commemoranda
847 2585 948 2657 erum,
963 2579 1060 2644 etsie
1075 2580 1204 2662 passim

98 2683 178 2746 alibi
194 2683 264 2747 alia
277 2683 429 2746 immutot
443 2691 501 2746 aut
513 2682 633 2760 turbat,
645 2683 694 2746 oti
719 2701 763 2745 ex
788 2683 878 2746 notis
900 2683 1060 2763 cognosci
1079 2687 1203 2763 potest.

48 2823 50 2826 .
99 2783 184 2849 Sunt
201 2792 314 2847 tamen
328 2785 428 2848 etiam
443 2783 568 2868 aliqua,
588 2801 729 2867 quornm
744 2783 867 2846 veritas
882 2782 957 2846 sola
972 2779 1123 2864 Eutropii
1136 2781 1203 2848 fide

97 2887 224 2965 nititur,
237 2885 362 2950 cumin
375 2885 418 2949 iis
432 2886 636 2964 auctoribus,
652 2903 793 2968 quorum
815 2884 918 2949 libros
939 2882 1056 2949 molior
1070 2882 1203 2948 fortuna

99 2989 257 3065 servarit,
272 2987 354 3062 nibil
367 2985 535 3070 ejusmodi
559 2987 697 3068 legetur.
742 2985 796 3049 Ex
820 3003 941 3068 magna
963 2988 1075 3048 autern
1093 3003 1203 3049 rerum

99 3092 263 3175 congerie,
279 3107 362 3174 quas
377 3089 456 3154 tulit
477 3109 531 3153 res
553 3089 692 3172 publice
715 3088 882 3165 Romana,
894 3093 994 3171 prout
1007 3088 1204 3169 postulabat

100 3193 290 3277 scriptionis
306 3191 492 3266 eonsilium,
507 3189 670 3254 delibavit
683 3189 831 3254 maxime
841 3187 1085 3266 memorabiles,
1099 3187 1204 3252 levio·

99 3296 202 3373 ribus,
223 3314 299 3378 quae
317 3293 387 3376 ipsi
411 3289 609 3369 viderentur,
634 3290 807 3372 neglectis,
833 3291 896 3354 etsi
918 3293 1049 3374 poterat
1071 3289 1203 3373 aliquas

102 3396 144 3460 ad
162 3395 366 3462 narrationis
389 3394 507 3458 seriem
529 3395 653 3458 arctius
667 3390 897 3457 continendam
910 3393 1070 3468 intexere,
1084 3391 1152 3468 vel,
1166 3398 1205 3456 nt

103 3497 164 3561 sibi
189 3499 233 3563 ab
254 3497 346 3562 omni
367 3501 460 3579 parte
483 3495 656 3577 aequaliter
670 3499 846 3572 constaret,
863 3514 939 3559 oum
954 3494 1028 3558 aliis
1049 3493 1202 3571 breviter,

103 3600 302 3683 strictimque
318 3597 485 3678 attingere.
530 3593 671 3660 Videtur
695 3603 808 3660 tamen
834 3597 1030 3680 plerumque
1052 3595 1202 3661 consulto

570 3851 579 3866 ⁹
596 3775 703 3826 NO'l'AE

132 3907 312 3961 ‘Adl’sauii
321 3906 544 3972 metapbrssinio.
701 3903 767 3957 ¹Cf.
778 3919 822 3956 m.
834 3909 910 3968 ΒΜ.

131 3986 180 4037 'lo
192 3985 351 4053 prefatione
364 3983 398 4034 ad
408 3983 572 4048 Eutropium.
703 3979 716 4015 ¹
733 3997 770 4032 vr.
779 3979 846 4033 lii.

127 4073 140 4108 Ι
155 4064 194 4116 Cf.
206 4078 237 4114 rr.
253 4068 277 4114 l.
289 4069 320 4113 et
332 4060 405 4112 alibi.
703 4058 710 4091 ¹
728 4071 791 4109 vrrr.
802 4061 842 4108 14.

128 4139 193 4192 *Cli
206 4153 238 4191 ιι.
252 4145 277 4206 1,
287 4143 314 4189 o.
332 4151 379 4188 ιιι.
391 4139 430 4187 14.
448 4149 520 4186 ιιιι.
536 4141 630 4202 4,s.-
703 4141 722 4168 ¹
741 4147 790 4185 ιιι.
808 4137 848 4185 1⁸.
