2809 4684
280 320 462 375 nuuvrau.
485 312 584 375 ritsr.
607 320 698 377 nou.
723 326 799 378 nra.
815 324 873 377 tx.
895 326 977 381 osr.
989 313 1024 381 9.
1136 313 1203 383 tua

95 460 200 514 eximiis
210 462 358 515 uirtutibus.
378 464 448 516 Glnr.
672 482 725 518 non
747 469 840 520 rideo:
861 484 931 532 nent,
948 472 1017 537 quod
1036 471 1105 523 inuno
1126 473 1202 524 nimis

133 538 305 589 Obscurlsst'ure
315 540 397 603 umas]
418 540 470 590 Sed
483 540 527 606 qui
539 540 634 605 princi·
671 542 828 597 festinanter
838 560 884 596 eus
895 561 985 596 numos
995 546 1140 611 inspexisse
1147 563 1205 600 cre-

96 616 139 678 pis
160 615 244 664 locum
267 623 407 678 mereatur,
428 624 458 667 nt
479 617 634 669 Valerianus
672 618 729 682 dut,
746 622 837 686 exigui
855 637 918 672 sene
936 624 1061 673 momenti
1083 632 1134 688 est,
1149 625 1205 676 ecci

96 692 243 755 imperator
270 692 334 741 dicit
367 692 438 758 upnd
467 694 634 747 Trebellium.
671 695 742 746 idem
752 697 786 748 ab
803 698 940 748 Hsrduiuo
959 698 1017 749 lieri
1036 714 1086 749 nou
1105 702 1204 763 potuis·

98 770 172 839 (ἔδει.
672 780 723 821 set.
739 772 892 823 Gerteailril
902 773 1073 839 frequentius,
1083 790 1159 840 quem
1169 777 1205 825 in·

105 900 107 903 ,
131 846 183 896 Per
203 860 278 896 nm
296 846 388 911 demur]
419 848 525 912 Septen,
548 848 634 914 inquit
671 849 882 911 terpunetionem
893 850 1017 913 temporis
1033 850 1130 915 injurie
1148 866 1206 901 era·

95 922 257 985 trebellius,
275 924 354 973 semet
365 924 391 972 in
403 923 527 989 Gallieni,
539 924 634 977 iterum
671 936 780 973 ucsccrc
798 936 939 975 miuus
958 925 1101 989 cujusmodi
1118 940 1206 976 exenn-

96 998 125 1047 in
136 998 273 1047 Postltunti
285 997 346 1047 ritu.
365 1000 437 1049 Glur.
672 999 743 1061 plum
761 999 789 1048 in
805 1000 888 1050 codd.
903 1002 968 1050 Μαι.
986 1000 1108 1051 habemns
1126 1014 1205 1065 snprs
1315 1050 1320 1055 .

133 1073 299 1137 Consumpta]
316 1074 386 1125 ldaie
398 1076 522 1140 perditus.
542 1078 613 1130 Glsr.
670 1074 689 1123 l.
701 1086 753 1123 vu.
764 1089 788 1125 c.
798 1080 838 1124 lu.
864 1076 903 1125 M.
915 1076 1016 1138 Lollius,
1033 1076 1100 1125 uude
1111 1077 1140 1126 L.
1152 1090 1205 1127 non

133 1148 243 1211 Virtute]
260 1150 433 1200 Fortitudiue.
451 1152 525 1203 Glnr.
672 1150 782 1212 emplius
808 1150 961 1214 adparente,
989 1152 1063 1202 inscii
1093 1152 1205 1203 Librarii

131 1226 308 1289 Msdcrntiotte]
325 1226 529 1277 Gubernstloue.
548 1228 617 1279 Glnr.
672 1223 911 1276 Meuiusteeemnt.
945 1228 1002 1279 Etsi
1018 1228 1088 1277 eninr
1099 1229 1205 1279 Bandu-

132 1300 301 1365 Repuroosrit]
326 1302 489 1367 Restitnerit,
506 1303 634 1354 instaure-
671 1312 715 1349 rua
726 1300 829 1349 omnino
839 1301 978 1365 legendum
990 1316 1048 1352 esse
1059 1311 1151 1354 censet
1159 1318 1206 1353 nu·

96 1376 176 1427 verit.
192 1376 424 1427 Trebelliusctrr.
441 1378 556 1429 'l'rebcll
573 1378 634 1428 Pol·
672 1389 770 1425 morum
793 1374 845 1426 ilde
872 1378 1013 1441 latiorum,
1039 1379 1097 1443 ipse
1116 1380 1205 1443 plnres

97 1452 134 1502 lio
154 1454 180 1502 iu
202 1465 270 1502 xxx.
288 1453 385 1515 Tyren.
407 1467 465 1516 cap.
484 1458 510 1504 d.
532 1454 634 1517 scribit,
672 1453 1206 1521 ridinumaequcnffimuusexuiuent,

95 1530 260 1579 ‘Romanum
278 1530 303 1577 in
316 1530 450 1593 pristinam
464 1531 634 1581 securitatem
672 1535 701 1578 ut
713 1544 788 1593 teque
808 1531 946 1581 Clselianus
961 1533 1012 1597 legi
1030 1533 1112 1596 possit
1128 1547 1206 1597 quem

98 1618 238 1656 revocasse
248 1607 402 1669 imperinm!
421 1608 481 1657 ceu.
673 1604 702 1655 C.
714 1606 854 1656 Ltellanns.
887 1608 941 1657 Pro
951 1609 1000 1658 hoc
1012 1616 1099 1659 autem
1110 1611 1206 1659 AEuuno

131 1680 331 1745 iuterfecerunt]
348 1680 445 1745 Oppid.
458 1682 490 1732 ad
503 1680 635 1733 confluen-
673 1696 810 1745 perperam
819 1684 952 1734 historiam
961 1684 1120 1736 confundens
1129 1689 1208 1737 ΕΜ·-

98 1762 154 1806 ten
167 1757 247 1807 Moeni
259 1764 287 1807 et
297 1758 389 1809 Rheni.
408 1757 477 1809 Glor.
671 1758 761 1809 tunm
773 1761 889 1823 renotuit
907 1761 1016 1811 Orosius
1034 1764 1052 1814 1.
1063 1775 1114 1813 ιιι.
1131 1778 1154 1813 c.
1165 1767 1209 1814 Ἠ.

130 1830 251 1895 Iollimro]
259 1832 417 1882 Adversario
424 1834 485 1897 ejus.
497 1832 567 1883 cur.
578 1834 634 1883 Pro
671 1834 839 1885 ‘AEmilisnus
851 1837 921 1900 apud
930 1838 1137 1902 Mogontiacum,
1148 1852 1208 1888 cnm

98 1908 209 1958 Lollium
221 1909 350 1971 interpres
360 1907 482 1958 Paennins
502 1908 591 1972 habet,
603 1908 633 1960 L.
672 1922 714 1958 res
724 1924 805 1959 nouas
821 1912 967 1974 moliretur,
986 1928 1127 1977 oppressus
1144 1914 1209 1975 est3'

98 1974 207 2046 AElinso,
217 1982 359 2048 etquidem
371 1990 454 2046 reete,
468 1984 634 2049 jndiceGna-
672 1998 733 2034 narn
750 1986 846 2035 nonin
866 1987 964 2050 Gellia,
982 1988 1028 2036 aed
1048 1988 1075 2036 iu
1093 1988 1207 2053 AEgypto

98 2058 183 2110 sendo
202 2056 248 2108 lib.
265 2072 296 2107 ιι.
313 2059 382 2108 Vita
394 2059 520 2110 Peirescll
539 2075 564 2125 p.
577 2064 634 2111 tta.
673 2074 715 2110 res
726 2062 904 2124 conturbasse,
920 2071 994 2112 recte
1006 2062 1130 2113 observat
1140 2064 1208 2113 Cun-

99 2142 129 2185 et
141 2134 264 2185 Reinesio
275 2136 360 2199 Epist.
378 2137 410 2184 ad
422 2136 529 2187 Bosinm
550 2151 576 2200 p.
593 2142 633 2187 at.
671 2135 769 2201 uegiet.
786 2138 812 2187 d.
823 2138 842 2186 l.
864 2138 934 2188 Veri.

99 2208 237 2261 Heumann.
261 2211 368 2274 Optime
378 2211 404 2260 iu
414 2212 443 2262 L.
452 2212 514 2261 But.
526 2212 634 2261 meliore
707 2213 968 2277 anmmolieste]
983 2214 1114 2264 Lollianus
1131 2228 1208 2279 quar·

98 2286 155 2337 sive
174 2287 257 2350 primu
274 2286 398 2336 scribitur
415 2287 445 2337 L.
463 2288 567 2337 AElinsro.
601 2286 633 2336 ld
673 2296 715 2339 tus
726 2289 795 2352 apud
812 2288 970 2339 Trebellium
982 2296 1117 2354 tyrannus,
1133 2304 1208 2340 occe·

100 2362 170 2411 enim
192 2374 280 2411 rernm
303 2362 362 2411 irnie
386 2361 512 2425 'lyranum
540 2376 635 2411 numen
674 2365 713 2415 sio
724 2364 784 2426 fuit,
795 2373 824 2414 ut
836 2364 984 2429 Postumus,
1001 2365 1045 2430 qui
1056 2365 1156 2415 Gellius
1168 2366 1208 2414 iu-

100 2452 160 2487 esse
172 2452 205 2487 ex
219 2438 335 2487 Nummis
351 2436 470 2503 eJnsdem
487 2437 636 2488 didicerunt
672 2448 846 2503 staumrerat,
857 2439 1031 2491 occideretur.
1054 2441 1117 2504 Ipse
1126 2440 1206 2491 etiam

100 2516 262 2580 Antiqnerii‚
278 2517 368 2581 quales
384 2516 481 2580 etipse
494 2518 635 2581 piureslra-
674 2532 744 2578 mox,
761 2531 818 2566 cnm
837 2530 889 2565 nou
905 2516 990 2565 miuus
1001 2516 1113 2580 coeperit
1130 2516 1209 2565 benc·

99 2592 163 2654 beo,
176 2590 313 2655 inscriptos
324 2604 387 2641 trae.
399 2604 423 2642 c.
436 2605 460 2642 ι..
472 2605 599 2642 antuus
611 2606 637 2643 a.
673 2590 761 2641 i'scere
772 2591 875 2654 Galliae,
892 2606 908 2641 a
922 2592 1069 2655 Victorino,
1081 2591 1206 2642 victorie

101 2678 126 2715 n.
137 2676 203 2715 sun.
221 2666 317 2730 quique
337 2665 369 2716 ab
388 2666 469 2715 altera
488 2676 564 2729 parte
575 2666 637 2716 Vic·
672 2668 736 2731 illio,
751 2668 925 2730 interemptus
937 2675 987 2718 est.
1008 2669 1081 2719 Glur.

102 2742 179 2792 turim
188 2740 337 2791 festinantis
347 2748 437 2806 typum
447 2742 553 2792 habeut.
571 2742 637 2793 Hnu.
708 2744 768 2793 Post
777 2758 831 2793 eam
843 2743 949 2807 Murius]
966 2742 1067 2794 Marius
1078 2744 1105 2793 in
1115 2744 1208 2795 ordine

102 2816 175 2866 Mire
185 2816 213 2865 ln
224 2815 274 2865 lroe
291 2818 395 2866 nornine
416 2817 574 2881 designando
595 2832 638 2867 re·
676 2830 744 2869 xxx.
759 2824 928 2883 tyrannomm
940 2818 1066 2882 septimus
1082 2827 1150 2869 est.—
1168 2820 1209 2869 Ex

102 2890 183 2941 rietas
196 2890 311 2940 occurrit
321 2890 347 2940 iu
364 2891 447 2941 codd.
459 2893 523 2941 Μαι.
542 2907 557 2942 e
577 2906 639 2957 qno·
676 2892 751 2943 febro
761 2892 872 2943 ferrario
887 2893 974 2943 triduo
986 2900 1087 2945 tantum
1099 2896 1209 2959 impera·

102 2972 260 3016 rnnrtanneu
272 2967 438 3030 primoLeid.
450 2982 537 3018 veram
548 2969 639 3019 lectio·
676 2970 731 3020 vlt:
749 2983 801 3018 nne
822 2968 865 3019 die
886 2967 972 3019 iactus
990 2969 1141 3033 imperetur,
1158 2970 1209 3020 ulie

103 3056 164 3093 nent
182 3044 223 3094 ct
239 3044 438 3108 Htvercampus
456 3044 535 3103 eruit,
552 3052 581 3095 et
591 3058 638 3094 nn·
675 3044 824 3107 imperarit,
836 3044 915 3094 tertia
924 3050 1069 3104 coensem
1082 3051 1111 3093 nt
1121 3045 1151 3093 C.
1161 3046 1210 3095 Cs-

104 3118 547 3182 mis,qnoslrsbebat‚coutirmarit.
564 3120 639 3169 Com·
675 3120 760 3170 ninius
779 3120 896 3170 Rebilius
911 3120 982 3183 apud
997 3121 1071 3169 Suet.
1091 3122 1117 3169 iu
1135 3120 1208 3171 Julio

103 3192 218 3258 probunt
236 3192 278 3244 iric
295 3194 444 3245 Heumann.
461 3203 489 3244 et
507 3210 570 3260 quos
586 3198 638 3245 lan·
676 3199 719 3247 tit.
730 3202 773 3247 tu.
799 3199 893 3246 Consul
908 3198 956 3246 lto.
969 3197 1034 3246 adeo
1045 3196 1162 3261 vigilans,
1179 3202 1210 3246 nt

104 3268 159 3331 dat,
177 3268 338 3333 Gessendns,
353 3277 382 3319 et
392 3272 541 3331 Reinesius,
558 3271 638 3321 Arni·
675 3273 792 3335 nunejus
804 3272 937 3321 consulatu
953 3285 1028 3321 nemo
1040 3286 1156 3321 somnum
1167 3286 1210 3322 ce·

104 3345 192 3393 renins
204 3352 231 3393 et
243 3358 306 3409 quos
319 3350 400 3395 testes
412 3347 488 3407 citat,
505 3346 536 3395 ad
550 3346 639 3397 Aurei.
676 3348 754 3411 perit.
778 3348 874 3395 Fuerat
885 3348 955 3397 euim
967 3346 1095 3397 duntaxat
1105 3348 1210 3399 dimidio

104 3422 176 3475 θαι.-
184 3434 287 3473 mun
304 3422 348 3471 nbi
366 3422 464 3473 diserte
476 3422 507 3474 L.
520 3425 639 3486 AEliuuas,
676 3422 719 3473 die
732 3423 792 3471 Cos.
803 3422 906 3471 Nullius
916 3437 1006 3472 manna
1019 3424 1060 3472 vel
1072 3424 1104 3473 ad
1113 3422 1211 3474 ferien-

105 3505 133 3549 ct
146 3497 214 3563 quud
225 3504 302 3562 urget
313 3500 402 3561 magis,
413 3498 548 3563 Epitomes
560 3498 639 3548 lectio
676 3498 737 3548 dum
759 3499 800 3547 vel
824 3498 857 3546 ad
880 3498 1063 3562 impellendum
1086 3499 1210 3551 tentore·
1262 3522 1270 3533 «

105 3574 217 3629 Edonas
233 3574 329 3622 omisso
347 3574 377 3623 L.
396 3573 466 3639 quod
481 3589 528 3637 per
543 3572 641 3623 Audurus
676 3572 918 3623 inistennrrnutur:
931 3574 1018 3623 talitro
1030 3575 1158 3623 imminens
1169 3590 1212 3625 oc·

105 3650 206 3713 optime
236 3650 367 3713 expressit
389 3650 521 3713 Pennius,
547 3652 640 3714 adpro·
677 3648 870 3711 ciderepotuit.
886 3648 1211 3702 Videeademde'liberlu

104 3726 187 3777 bsnte
210 3725 250 3775 ct
270 3726 460 3790 Cannegietero
477 3728 592 3775 Dissert.
615 3726 641 3775 in
677 3723 835 3773 referentem
847 3724 1008 3788 Suetonium,
1025 3726 1066 3775 tit.
1078 3730 1120 3776 68.
1140 3727 1211 3779 Glnr.

104 3801 220 3852 'l'relrell
242 3801 354 3851 Pullion.
376 3816 462 3866 nuper
488 3801 570 3863 edita,
596 3802 641 3867 qni
710 3800 847 3863 Pupam
865 3800 977 3865 mmpsit]
1012 3801 1080 3852 Post
1100 3803 1212 3854 Victori·

104 3877 329 3929 Putuonutu'mm
336 3878 431 3943 ubique
438 3877 545 3929 exhibet
554 3892 641 3941 prave.
678 3890 748 3937 num,
764 3876 849 3939 inquit
858 3875 1013 3925 Trebellius.
1031 3876 1103 3927 Glnr.

104 3953 479 4003 IaedmmtamenmalletCl.
496 3953 640 4016 Grunems,
712 3953 748 4001 Et
766 3954 865 4001 acardo
886 3952 937 4015 die]
963 3953 1106 4004 'liebellins
1126 3953 1212 4004 Pollio

104 4026 168 4093 quin
188 4027 227 4077 sic
245 4026 271 4076 in
288 4040 365 4077 nnmo
383 4034 424 4077 est
441 4028 510 4092 apud
530 4028 642 4078 llardui·
678 4027 827 4078 huicMurii
838 4027 946 4092 imperio
964 4027 1033 4079 diem
1052 4042 1130 4079 uuum
1147 4029 1213 4092 adji-

104 4118 180 4155 nnm:
198 4119 250 4169 qua
268 4109 355 4154 entem
375 4104 476 4155 ratione
493 4104 567 4169 imjns
585 4105 642 4155 dlll·
679 4106 726 4169 eit,
748 4107 792 4171 qul
814 4106 928 4155 triduum
950 4105 1093 4169 imperasse
1111 4106 1212 4169 scribit,

103 4180 221 4246 sentim
233 4180 465 4247 Hsrercsmplanm
484 4181 642 4248 praetulerit,
678 4183 725 4235 sed
747 4182 823 4250 cujus
841 4182 925 4247 primo
947 4181 991 4231 die
1006 4180 1091 4233 iectus
1108 4181 1143 4234 sit
1163 4181 1211 4233 inr-
