2809 4684
559 299 640 348 cnr.
664 299 746 346 viu.
1157 279 1202 344 2⁷

107 445 265 528 rejiciunt,
293 443 418 527 quippe
451 444 633 526 inquibus
666 449 780 527 aperte
801 441 1048 527 Theophanen,
1072 447 1201 507 remoto

100 541 266 624 alliacum,
289 547 438 611 historiae
462 546 621 610 miscellae
646 555 816 610 auctorem
840 544 1014 629 praedicat.
1060 544 1204 628 Scripsit

105 655 207 712 autem
232 648 286 710 hic
302 647 606 731 chronographiam
624 647 793 724 Graecam,
817 669 892 731 quae
913 643 1059 730 Syncelli
1074 645 1204 710 chroni-

103 769 161 813 con
174 750 217 812 ab
227 768 311 813 anno
321 750 398 814 280.
411 748 454 812 ad
467 747 544 814 813.
560 751 741 827 continuat,
760 757 793 813 et
806 753 850 813 ab
865 748 1043 814 Anastasio
1057 750 1092 811 iu
1107 748 1202 813 Iunti-

102 871 173 914 nam
187 853 334 934 linguam
357 871 521 917 conversa
545 861 607 916 est.
655 852 807 936 Apparet
828 857 936 915 autem
959 873 1003 916 ex
1027 851 1099 934 ejus
1123 870 1201 916 cum

101 953 235 1017 historia
249 953 400 1018 miscella
415 957 677 1035 comparatione,
692 957 829 1019 ultimos
843 954 977 1038 quidem
991 953 1093 1016 libros
1107 973 1202 1036 repe·

16 1079 17 1082 ¹
102 1055 178 1119 litos
192 1055 270 1118 inde
286 1074 372 1132 esse,
385 1039 434 1117 'at
447 1057 635 1138 superiores
651 1055 784 1137 aliunde
799 1056 1061 1120 consarcinatos.
1108 1053 1201 1117 ldem

103 1156 141 1220 de
154 1153 337 1220 Anastasio
350 1158 450 1236 valet,
475 1157 532 1240 qui
547 1178 613 1221 non
629 1159 692 1222 nisi
714 1160 748 1222 in
762 1165 946 1222 extremm
961 1157 1036 1239 ejus
1051 1156 1200 1218 historiae

101 1263 219 1340 partem
245 1260 407 1324 manauit.
464 1259 603 1324 Refutat
633 1261 731 1324 etiam
759 1265 938 1343 utrumque
971 1252 1202 1332 Muratorius,'

103 1359 277 1424 Baronium
300 1361 455 1425 «lacobus
476 1358 589 1426 Gonu-¹
642 1361 765 1446 Neque
791 1370 902 1424 tamen
928 1359 982 1422 vel
1006 1361 1056 1422 sic
1080 1357 1202 1440 prioris

102 1463 264 1524 utendae
281 1468 463 1526 sectatores
477 1465 563 1526 satis
579 1463 644 1528 sibi
661 1468 826 1541 constant,
849 1465 879 1525 si
894 1481 1029 1545 quaeras
1044 1461 1088 1524 de
1100 1460 1202 1523 libro·

102 1584 168 1628 rum
182 1563 469 1647 Eutropiauorum
482 1567 667 1648 augmentis
693 1574 726 1631 et
749 1585 855 1630 rerum
878 1563 1201 1647 interpolationibus.

104 1665 191 1730 Duos
211 1673 343 1730 tautum
363 1667 467 1730 libros
489 1686 510 1730 a
526 1667 647 1731 Paullo
664 1666 820 1732 Diacouo
840 1667 972 1731 additos
991 1685 1066 1729 esse
1085 1663 1202 1728 scribit

103 1765 357 1847 Schouhovius,k
382 1769 474 1852 quod
498 1773 663 1834 tamenin
686 1770 779 1834 nulla
811 1771 956 1833 editione
978 1787 1015 1830 se
1036 1767 1200 1849 reperisse

101 1867 228 1935 affinuat
241 1866 477 1954 verheykius.¹
521 1870 630 1934 Immo
644 1871 805 1935 editiones
821 1868 1034 1952 interpolatis
1044 1865 1200 1947 Eutropii

101 1968 196 2047 libris,
211 1972 294 2035 aliae
311 1989 385 2048 sex,
403 1970 835 2050 octouiae‚Pau11in0s'de
858 1971 958 2051 gestis
970 1967 1201 2031 Romanorum

102 2071 310 2154 subjungunt,
334 2073 395 2135 etsi
421 2091 473 2136 res
497 2074 571 2157 ipsa
594 2080 729 2157 propter
752 2071 943 2136 instabilem
966 2071 1123 2132 librorum
1145 2067 1202 2132 de·

103 2173 306 2255 scriptionem
322 2174 367 2237 ad
383 2173 470 2237 idem
485 2174 580 2238 redit.
627 2174 668 2237 ln
684 2175 887 2257 quibusdam
903 2171 1049 2236 Paullini
1064 2170 1141 2233 libri
1153 2169 1202 2233 ita

103 2279 283 2357 sequuntur,
298 2263 472 2359 utprimus
482 2276 624 2355 dicatur}
637 2278 693 2360 qui
704 2279 808 2359 vulgo
819 2281 872 2339 est
881 2275 966 2339 liber
977 2289 1033 2336 xi.
1066 2270 1202 2354 Nempe

103 2375 227 2440 historia
240 2377 396 2440 miscella
411 2379 616 2462 conjunctim
631 2379 724 2443 edita
736 2377 814 2443 iude
830 2396 851 2439 a
864 2375 951 2439 libro
967 2373 1123 2456 Eutropii
1134 2387 1201 2435 vu.

101 2474 205 2540 relicto
226 2477 299 2561 ejus
314 2477 429 2542 ordine
440 2497 485 2542 ex
499 2481 642 2563 septimo
658 2480 745 2543 duos
758 2478 851 2555 facit,
867 2477 1047 2559 septimum
1061 2480 1094 2539 et
1108 2478 1202 2538 octu-

103 2596 180 2654 rum,
195 2579 242 2642 uti
257 2579 354 2660 apud
369 2579 561 2658 Gruterum,
583 2579 815 2656 dictatorium,
831 2598 911 2643 cum
926 2577 1038 2641 Paulli
1053 2574 1201 2640 Diaconi

103 2677 273 2764 Eutropius
301 2683 442 2766 ejusque
477 2683 650 2767 appendix
674 2683 843 2764 vulgarem
868 2678 1125 2762 descriptionem
1148 2695 1202 2740 se-

102 2787 216 2864 quatur.
261 2780 420 2861 Quatuor
443 2804 521 2848 vero
547 2791 676 2850 tantum
699 2785 803 2847 libros
827 2783 934 2846 abeo
957 2778 1110 2863 adjectos
1123 2797 1200 2842 esse

101 2885 206 2949 scribit
226 2884 445 2963 Fabricius‚¹²
466 2885 783 2951 sextumdecimum
805 2880 968 2967 usquead
990 2881 1045 2945 at.
1068 2899 1090 2942 a
1112 2880 1200 2944 Lau·

101 2983 215 3067 dulpho
226 2986 371 3068 Sagace,
382 2987 420 3050 in
443 2988 553 3070 iisqne
565 2993 667 3052 totam
680 2987 749 3052 sere
770 2983 941 3049 Anastasii
954 2979 1201 3046 bibliothecarii

103 3083 238 3152 Romani
263 3088 442 3152 historiam
467 3089 730 3153 ecclesiasticam
756 3107 800 3151 ex
826 3084 973 3166 Georgio
998 3081 1202 3163 Theophane

100 3186 228 3270 aliisque
257 3188 435 3254 collectam
458 3190 626 3254 contineri.
684 3187 864 3263 Vossius,¹²
885 3183 1056 3248 hubertus
1082 3180 1196 3246 Μίνω-

102 3297 157 3366 us,⁰
176 3296 210 3355 et
229 3288 383 3355 (leillierp
402 3290 523 3354 Paullo
539 3287 858 3354 ascribuntdlibros
881 3289 960 3368 post
983 3281 1200 3365 Eutropium3

100 3390 224 3458 tllibros
238 3395 319 3480 inde
335 3413 357 3456 a
372 3391 677 3478 decimorEutropii
700 3390 744 3455 ad
769 3405 890 3453 annum
912 3384 950 3450 C.
966 3383 1044 3451 730.
1088 3383 1198 3456 Natus

591 3639 702 3693 NOTAE

125 3768 351 3835 ¹lnprretstioue
373 3769 405 3820 ad
419 3771 550 3826 hittorium
566 3772 625 3822 mie·
659 3787 665 3802 ·
705 3767 756 3820 ¹lu
769 3766 1008 3832 praesecutor».
1019 3782 1047 3832 p.
1058 3771 1099 3818 tt.

101 3845 191 3910 rehem,
208 3864 267 3913 qut
278 3849 383 3897 inserta
394 3855 435 3897 est
446 3849 503 3913 ejus
517 3850 625 3913 scripto·
698 3853 717 3880 Ι·
733 3847 765 3896 G.
776 3845 795 3895 l.
809 3860 835 3907 p.
849 3847 906 3894 124.

102 3919 250 3972 ribmrerurn
261 3923 419 3973 Italicarum
429 3923 502 3975 Tem.
514 3939 535 3975 r.
595 3919 600 3930 '
655 3967 659 3979 ,
698 3929 712 3955 ¹²
731 3922 774 3971 De
784 3921 846 3968 hiat.
858 3919 916 3968 bat.
928 3931 960 3968 rr.
972 3923 1014 3968 30.
1032 3933 1058 3983 p.
1068 3922 1126 3970 m.

126 3998 175 4050 ¹lu
199 4003 275 4052 Notis
296 4002 331 4052 ad
356 4001 519 4067 Theophanis
544 4002 625 4056 Chre·
699 4007 712 4032 ⁰
728 3980 771 4048 Ad
783 3997 946 4061 sigebertum
960 3994 1177 4050 Gemhtaeemen

103 4089 165 4140 ηομ.
175 4093 200 4142 p.
208 4081 234 4128 ἱ.
243 4077 287 4128 ed.
299 4077 372 4128 Veu.
672 4073 707 4124 de
715 4073 849 4136 scriptorr.
862 4071 956 4120 eccles.
964 4083 988 4119 c.
997 4073 1037 4119 8⁰.

127 4149 138 4186 ¹
151 4151 180 4203 ln
191 4153 266 4219 prul.
278 4153 313 4206 ad
326 4155 438 4220 Eutrop.
668 4173 670 4182 v
698 4155 713 4191 ν
729 4148 761 4199 ln
774 4147 835 4199 blot.
848 4145 970 4212 generale
985 4145 1030 4195 der
1048 4148 1153 4195 auteurs
1162 4161 1202 4196 aa.
