2809 4684
557 253 640 304 oar.
663 253 748 304 vrri.
1148 241 1194 307 88

97 395 275 464 Anniano
295 395 429 474 latino,
446 401 482 461 et
498 397 532 460 in
546 397 699 480 plurimis
710 397 798 462 loeis
811 397 1010 481 emendavit,
1023 397 1196 486 adjunctis

97 501 192 564 etiam
208 499 297 564 notis
308 502 489 564 maximam
499 496 633 584 'partem
652 499 794 579 criticis,
807 506 847 564 nt
859 501 934 584 ipse
947 501 983 566 iu
999 502 1196 586 praeauone

97 601 277 684 praedicare
290 620 361 667 nou
375 598 585 678 dubitaverit,
596 620 633 664 se
645 619 720 666 eam
733 602 840 684 magis
850 603 1080 683 instauruse,⁴
1093 624 1196 690 quam

95 705 308 770 recensuisse.
354 699 447 768 Usus
475 713 529 768 est
554 697 619 767 bac
648 693 792 768 editiore
816 703 946 786 passim
971 703 1136 772 Gellarim
1161 710 1197 773 in

91 805 274 890 judicanda
303 805 457 888 Eutropii
482 807 637 872 lectione.
682 803 909 870 summam
937 805 1118 876 editionem
1140 829 1196 878 an.

98 909 190 972 loos.
213 929 316 992 quam
338 907 473 992 quidem
498 905 587 970 falso
613 921 689 970 oum
714 905 877 988 superiori
891 908 1102 974 commistam
1122 929 1198 976 esse

97 1016 184 1094 puto,
209 1015 448 1076 commemorat
472 1007 631 1085 ceillier:
657 1003 825 1091 idemque¹
844 1007 1061 1074 Canisianam·
1075 1011 1198 1096 repeti·

21 1179 25 1192 ,
97 1119 160 1175 tam
183 1111 350 1195 prodiisse
377 1111 496 1178 scribit
528 1107 851 1192 Autwerpiae172b.
895 1109 1037 1194 Optima
1058 1111 1199 1180 debetur

99 1213 208 1278 studio
235 1213 418 1290 Muratorii
445 1213 517 1300 (an.
533 1208 650 1295 1723.)
674 1211 709 1276 in
733 1211 832 1296 cujus
856 1212 1076 1295 scriptoribus
1089 1234 1199 1282 rerum

99 1307 289 1380 Italicarum
314 1316 457 1400 primurn
477 1315 538 1380 illa
561 1315 675 1380 locum
702 1317 858 1394 occupat
916 1313 987 1378 Hic
1016 1316 1104 1380 enim
1132 1337 1199 1381 non

100 1416 202 1480 solum
221 1417 433 1482 membranas
454 1415 543 1480 Mss.
567 1413 759 1480 monasterii
780 1412 1026 1481 Hersfeldeusis
1046 1418 1200 1503 contulit,

100 1515 217 1598 quibus
236 1515 315 1600 jam
340 1515 496 1581 Cauisius
525 1535 608 1580 usus
634 1519 717 1591 erat,
746 1515 888 1600 ejusque
911 1524 1077 1600 praeterea
1099 1527 1200 1586 notas

100 1617 248 1702 subjecit,
276 1616 334 1682 sed
354 1623 389 1682 et
406 1636 495 1683 nova
509 1613 659 1682 subsidia
674 1613 838 1695 adhibuit,
851 1616 996 1683 Codices
1008 1623 1042 1685 5.
1058 1617 1201 1687 Ambro-

101 1717 197 1783 sianus
219 1719 451 1798 bibliothecae,
473 1717 585 1782 varias
605 1717 765 1782 lectiones
784 1715 912 1783 iacobi
934 1719 1111 1802 Bougarsii
1131 1721 1200 1787 Bo·

102 1819 199 1902 dryaei
224 1839 272 1884 ex
289 1819 358 1884 Ms.
374 1819 485 1884 Paulli
508 1818 665 1897 Diaconi,
688 1818 833 1904 itemque
863 1838 908 1884 ex
923 1819 992 1885 Ma·
1011 1822 1138 1890 Pitboei
1164 1831 1202 1891 et

102 1919 241 1984 aliorum.
301 1921 430 2004 Selegit
450 1928 563 1986 tamen
585 1919 738 2003 inprimis
767 1940 812 1985 ex
835 1917 941 1986 Codd.
966 1923 1201 1995 Ambmsiauis

102 2041 194 2086 unum
221 2023 435 2108 eundemque
464 2021 745 2105 antiquissimum,
775 2022 902 2106 quippe
924 2023 1021 2107 cujus
1039 2023 1202 2108 integram

102 2122 271 2189 lectionem
289 2124 451 2189 exhibuit.
496 2122 611 2188 Refert
635 2128 744 2188 autem
758 2123 817 2186 ille
831 2121 1030 2207 Eutropium
1046 2144 1115 2194 nou
1129 2126 1203 2212 qui·

104 2223 169 2290 dero
181 2246 302 2310 purum
317 2235 353 2291 et
366 2226 607 2304 intaminatum,
622 2225 680 2288 sed
693 2225 828 2309 qualem
839 2223 1081 2292 deformaverat
1093 2230 1204 2296 eurio·

104 2345 139 2392 sa
159 2327 218 2394 illa
239 2329 360 2394 Paulli
375 2327 547 2394 sedulitas.
591 2327 639 2394 At
659 2328 771 2394 omisit
793 2327 996 2392 Muratorius
1009 2347 1079 2394 nou
1094 2329 1204 2396 edum

106 2433 194 2493 notas
215 2429 369 2508 simleri,¹
390 2429 449 2494 sed
472 2435 505 2494 et
518 2430 764 2494 enarrationem
785 2429 1102 2508 earumlectiouum,
1117 2449 1204 2514 quas

105 2529 155 2594 ille
169 2529 338 2598 Codicum
353 2530 583 2596 Palatinorum
604 2550 668 2614 ope
682 2535 865 2616 receperat,
885 2529 934 2595 ita
946 2536 983 2594 ut
1004 2529 1078 2616 ejus
1090 2551 1204 2599 receu-

106 2633 164 2710 sio,
176 2634 268 2718 qnod
286 2653 351 2698 usu
365 2635 525 2711 intellexi,
539 2632 651 2697 multis
672 2632 796 2698 loaisa
817 2636 912 2696 textu
935 2629 1116 2698 Muratorii
1136 2633 1206 2698 dis-

106 2742 222 2819 crepet.
266 2733 325 2802 Ex
335 2736 461 2820 quibus
475 2737 631 2800 omnibus
645 2735 830 2813 coniicitur,
843 2753 887 2800 ne
904 2733 1056 2802 historia
1070 2735 1205 2821 quidem

105 2836 256 2902 miscella
275 2857 380 2901 unam
402 2837 567 2902 mansisse
581 2843 616 2903 et
628 2843 841 2902 constantem
855 2835 989 2914 taciem,
1002 2837 1064 2902 sed
1078 2837 1205 2904 multos

106 2943 229 3020 postero
243 2939 350 3004 etiam
363 2944 512 3021 tempore
529 2945 690 3002 centones
703 2938 810 3004 fuisse
825 2937 977 3023 injectos

382 3094 605 3162 CAROLUS
629 3095 881 3172 HENRJcUs
902 3093 1206 3162 Tzscnuuxa

599 3345 710 3397 NOTAE

136 3451 269 3516 thinis,
283 3467 344 3518 qum
364 3465 398 3501 ex
406 3449 527 3500 Palatino
538 3449 637 3501 Codice
677 3451 781 3500 omniuo
791 3447 924 3500 historiam
941 3445 1041 3498 mendis
1059 3446 1208 3514 inquinatis·

110 3533 197 3596 μὴν
207 3532 295 3584 edidit
305 3529 496 3594 Gruterus,(ut
506 3529 552 3578 lib.
568 3527 638 3594 xri.)
678 3526 767 3576 abnam
779 3539 837 3575 esse
848 3531 945 3589 praeter
959 3524 1025 3575 allos
1037 3525 1094 3590 jam
1106 3525 1209 3576 nonsit

110 3611 182 3660 nula
192 3617 252 3660 suut
263 3611 396 3672 suspectas
407 3603 478 3666 utet,
488 3619 546 3671 qun
558 3605 638 3668 scrip·
677 3602 834 3653 Holatenius
842 3601 875 3650 ad
882 3600 1046 3664 Stephanum
1056 3614 1083 3664 p.
1093 3603 1135 3649 70.

111 3685 164 3734 toris
184 3685 345 3749 inperitiam
377 3685 499 3743 arguunt,
527 3685 637 3729 notante
710 3684 723 3711 ·
737 3677 769 3727 ln
780 3677 886 3727 histoire
902 3673 1023 3739 generate
1039 3674 1086 3726 der
1102 3681 1208 3726 auteurs

112 3758 242 3812 Praetorio
253 3759 399 3813 Quesuello
411 3758 444 3808 ad
464 3757 577 3806 honam
596 3755 636 3805 Μ.
676 3767 763 3804 neres
776 3761 805 3805 et
814 3753 1026 3820 ecclesiastieae·
1036 3753 1114 3804 uena
1125 3765 1209 3804 xviri.

112 3835 192 3890 dimi.
211 3853 239 3904 p.
250 3843 311 3890 110.
328 3845 357 3888 et
374 3851 408 3888 ea
427 3850 459 3888 oo
480 3831 586 3886 Ernesti
603 3831 637 3882 ad
676 3833 774 3898 pm.

114 3913 250 3967 Fabricium
268 3931 295 3968 e.
315 3916 333 3966 Ι.
356 3917 453 3980 plu.
485 3909 637 3962 sedtum
711 3902 797 3958 iel.

170 4181 295 4252 met
309 4181 369 4235 Ver.
379 4179 445 4234 ssot.
605 4177 707 4243 wop.
