2809 4684
178 294 225 365 38
607 311 843 362 rnsrrrrmtrs

180 461 287 545 grum,
309 463 343 524 et
375 456 523 542 quodam
544 459 643 542 quasi
677 456 884 541 postliminio
916 475 1083 535 reversus,
1105 437 1288 540 pristinum

180 563 291 628 locum
327 568 546 644 recuperaret.
602 562 777 626 Diaconus
814 560 880 635 ille,
916 561 1042 624 monitu
1080 557 1285 644 Adilbergae,

182 665 350 730 Desiderii
373 663 665 746 Langobardorum
682 663 786 742 Regis
801 661 893 738 filine,
913 680 978 724 uon
1002 662 1109 724 solum
1134 664 1285 728 auctoris

178 767 277 850 hujus
298 763 472 831 historiam
492 766 686 848 interpolem
709 766 843 840 fecerat,
866 763 927 826 sed
941 763 1051 846 ipsam
1066 784 1163 847 paenc
1179 770 1285 829 totam

178 869 367 946 inverterat,
389 868 468 931 dum
490 869 593 932 multa
614 869 656 932 de
678 887 742 931 suo
764 866 1138 949 infarciret,'multaque'
1154 868 1285 949 passim

182 971 351 1049 adimeret,
367 977 429 1038 aut
443 970 644 1035 transferret.
689 957 856 1033 Militavit
870 968 1053 1051 Eutropius
1068 970 1131 1032 sub
1146 969 1170 1033 J
1171 970 1285 1034 uliano

178 1073 341 1156 parabata
363 1093 402 1137 ac
428 1072 605 1150 desertore,
624 1072 811 1154 librumque
831 1074 931 1134 suum'
951 1068 1119 1133 dedicavit
1134 1069 1284 1135 Valenti.

179 1173 254 1238 Nec
269 1175 351 1238 satis
364 1175 480 1256 liquet,
494 1175 591 1258 cujus
612 1175 669 1238 ille
689 1173 789 1236 suerit
803 1173 991 1253 religionis3
1014 1173 1137 1254 quippe
1153 1173 1223 1254 qui,
1247 1173 1285 1235 in

178 1277 364 1343 colliminio
378 1279 584 1341 tenebranrm
601 1296 642 1340 ac
665 1277 751 1340 lucis
768 1275 977 1350 constitutae,
992 1293 1052 1336 uec
1068 1273 1284 1355 Paganorum

176 1367 258 1443 ritus
281 1381 448 1464 probaret,
472 1399 533 1443 nec
560 1377 729 1442 Cnnrsno
754 1385 864 1441 tamen
878 1376 1025 1440 dedisset
1043 1397 1173 1441 nomen.
1219 1377 1284 1442 So-

177 1481 321 1564 phistam
344 1482 467 1546 Italum
482 1486 583 1545 vocat
598 1479 743 1561 Suidas3
767 1479 951 1561 eodemque
974 1481 1106 1544 nemine
1130 1486 1286 1552 censetur

177 1587 209 1647 in
225 1583 409 1665 originibus
424 1582 817 1664 constantinopolitanis.
851 1580 1055 1664 Quanquam
1065 1601 1133 1646 non
1148 1582 1283 1659 desunt,

176 1683 235 1768 qui
258 1685 347 1749 hune
379 1685 572 1769 Eutropium
598 1683 790 1748 historicum
816 1685 956 1747 eundem
981 1704 1055 1748 esse
1078 1683 1285 1749 centendunt

176 1807 253 1850 eum
276 1785 438 1870 Eutropio
466 1787 660 1869 presbytero
683 1783 859 1863 Africano,
883 1783 1066 1867 Augustini
1099 1787 1282 1870 discipulo,

175 1891 233 1972 qui
248 1890 333 1952 duas
356 1889 400 1951 ad
422 1907 551 1952 sorores
574 1887 818 1952 consolationes
833 1888 1041 1971 conscripsit,
1057 1888 1152 1971 cujus
1166 1891 1289 1954 memi⁴

172 2012 249 2056 nere
264 1991 468 2056 Ptolemaeus
483 1991 659 2068 Lucensis,
669 1989 870 2074 ¹etRaphael
879 1989 1126 2055 Volaterranus.
1150 1991 1283 2074 Stylum

74 2097 78 2106 '
171 2096 243 2177 ejus
257 2095 423 2177 improbat
430 2092 588 2170 Vossius,
599 2093 768 2175 ut'parum
783 2093 1001 2157 concinnum:
1023 2092 1145 2157 fatetur
1154 2098 1280 2171 tumen,

173 2203 227 2259 res
242 2196 336 2276 ipsas
352 2193 550 2275 compendio
565 2194 648 2257 satis
672 2193 850 2257 commodo
871 2194 915 2257 ab
931 2193 1095 2278 Eutropio
1113 2196 1282 2259 constric-

172 2307 237 2362 tas.
282 2295 526 2360 Doctissimum
548 2295 652 2359 fuisse
674 2294 884 2378 Eutropium,
907 2302 940 2360 et
960 2298 1066 2361 multa
1092 2299 1283 2380 eloquentia

173 2398 350 2483 scripsisse
382 2403 478 2482 putat
499 2398 651 2462 Jacobus
683 2398 873 2483 Philippus.
919 2397 1102 2481 Antiquom
1124 2399 1287 2463 historio·'

172 2501 332 2586 graphum
355 2500 502 2584 appellat
517 2499 725 2564 Hinemarus
739 2501 952 2565 Rhemensis.
996 2498 1044 2564 At
1066 2501 1280 2566 Schenovius

171 2623 238 2667 non
260 2623 336 2668 eum
358 2604 442 2667 iuter
464 2602 616 2685 antiques
638 2608 807 2693 recenset3
830 2603 889 2667 sed
910 2603 989 2667 lieet
1010 2603 1150 2686 scripsit
1167 2612 1282 2687 poste-
1397 2596 1398 2627 ³

170 2705 250 2781 rius,
274 2723 382 2787 neque
414 2710 536 2780 tamen,
567 2705 686 2786 inquit,
708 2704 818 2768 minor
839 2704 1049 2789 eloquentia3
1081 2711 1115 2770 et
1146 2705 1280 2788 judicio
1397 2740 1398 2789 3

171 2809 271 2872 etiam
286 2805 512 2890 superioribus
524 2806 586 2870 fuit
601 2808 802 2872 eminentior.
836 2807 924 2872 Sane
940 2808 1057 2891 quanti
1071 2827 1147 2872 eum
1163 2807 1280 2872 Graeci
1397 2795 1398 2873 l

170 2908 318 2984 fecerint,
333 2908 387 2972 vel
403 2913 593 2990 argumento
608 2907 689 2972 illud
712 2911 783 2986 erit,
801 2910 890 2992 quod
906 2909 1030 2993 Capite
1057 2914 1092 2972 et
1117 2908 1279 2974 Paeanius
1397 2896 1398 2957 l

169 3009 365 3092 Eutropiaui
381 3009 570 3092 compendii
583 3011 809 3094 metaphrasin
821 3011 943 3076 Graece
956 3011 1158 3093 scripserint.
1187 3011 1278 3076 Duae
1397 3018 1398 3021 ’

170 3119 247 3177 sunt
261 3118 370 3177 autem
385 3112 519 3175 omnino
545 3131 610 3189 res,
624 3133 699 3195 quse
711 3109 844 3177 lamam
859 3119 893 3178 et
906 3115 1046 3196 gloriam
1058 3113 1278 3196 scriptoribus

106 3251 107 3256 κ
169 3214 348 3279 conciliare
363 3215 503 3292 soleant,
526 3211 555 3277 si
576 3215 612 3278 in
628 3214 756 3279 alienas
774 3216 1008 3280 transferantur
1021 3215 1164 3298 linguas,
1179 3214 1278 3297 sique
1397 3240 1398 3243 ¹

169 3316 495 3399 interpretationibus
511 3317 723 3383 illustrentur.

189 3597 268 3663 ,Ant
284 3597 467 3664 Possevinus
489 3601 522 3666 in
539 3599 710 3685 Apparatu
739 3600 785 3664 ud
813 3602 949 3665 omnium
982 3602 1123 3687 gentium
1144 3602 1253 3669 lutor.

600 3721 628 3805 ᾗ.
651 3737 709 3784 ιιι.
737 3743 764 3784 c.
785 3720 839 3785 35.

211 3840 222 3885 '‘
239 3849 355 3915 Minus
375 3853 510 3936 quidem
531 3854 676 3936 elegam,
699 3855 760 3919 sed
774 3875 850 3919 cum
865 3875 910 3918 ex
931 3854 1030 3919 Livio
1051 3860 1087 3918 et
1109 3853 1273 3922 Sallustio

165 3973 217 4017 res
231 3954 329 4017 nobis
350 3973 436 4018 nunc
457 3955 590 4036 ignotas
605 3955 815 4040 decerpserit,
826 3962 860 4020 et
874 3976 1005 4023 omnem
1019 3957 1191 4022 historiam
1201 3957 1274 4023 Ro·

166 4053 322 4133 manam,’
335 4057 394 4120 &a
417 4061 564 4138 utsupra
578 4057 613 4120 in
629 4059 739 4124 verbis
754 4059 893 4142 Sigonii.
