2809 4684
536 265 620 317 oar.
643 261 727 315 vni.
764 235 776 244 '⁴
1139 249 1183 318 sl

103 420 310 504 promttsuut.
355 411 447 480 Idem
464 413 563 478 facile
578 411 749 477 observari
771 415 886 492 potest
909 411 946 474 in
972 407 1052 475 aliis
1076 409 1185 488 libris,

103 521 156 582 etsi
174 519 205 582 in
230 517 314 582 libro
337 515 449 600 Paulli
471 531 527 578 xr.
550 515 686 599 parcius
699 511 916 577 Anastasium
943 511 1053 590 refert,
1075 513 1186 578 multis

102 619 218 684 abunde
238 619 389 697 attextis,
417 617 545 698 largius
568 621 601 681 et
620 615 766 699 pressius
787 614 939 679 inlibris
960 617 1187 698 sequentibus.

102 719 148 786 Er
171 739 234 804 quo
262 719 412 796 efficitur,
438 718 611 784 historiam
633 717 817 781 miscellam
838 736 909 781 uon
927 735 1003 781 esse
1024 735 1045 780 a
1066 716 1188 782 Paullo

99 820 277 903 proiectam,
301 821 363 884 sed
377 839 422 884 ex
438 821 495 884 iilo
508 819 637 904 passim
656 817 801 882 inlibris
817 817 981 901 Eutropii,
995 818 1052 882 rel
1066 815 1188 883 Eutro-

100 922 149 1004 pio
164 921 329 998 subnexis,
346 927 494 986 assutam
509 926 543 984 et
555 919 725 984 nutritam.
770 918 846 983 Neu
870 919 972 1002 igitur
992 919 1104 998 rideo,
1119 914 1187 1002 quo

97 1025 163 1105 jure
188 1021 376 1086 Fabricius¹
400 1021 592 1086 Mulierumy
616 1021 785 1103 exagitare
809 1023 930 1103 possit,
956 1021 1046 1105 quod
1068 1023 1188 1087 ubios·

100 1115 310 1206 quebistoriee
333 1129 505 1187 auctorem
529 1121 697 1185 diversum
718 1122 972 1189 existimaverit.
1016 1122 1118 1188 Certe
1142 1141 1187 1190 ex

100 1221 214 1287 Geleuii
241 1221 386 1287 editione
414 1223 604 1287 Basileensi
632 1221 731 1288 lta-2.
755 1223 902 1288 invalide
925 1245 999 1289 eum
1027 1223 1188 1303 confutat,

100 1325 211 1414 quippe¹
228 1345 306 1406 qum
326 1343 393 1388 nou
408 1325 565 1390 Paullum
586 1323 790 1403 Diaconum,
808 1325 869 1389 sed
891 1327 984 1390 illam
997 1327 1107 1410 ipsam
1120 1328 1189 1392 bis-

100 1425 204 1500 briam
217 1426 403 1490 miscellam
427 1427 523 1490 sistit.
568 1425 695 1490 Contra
721 1425 841 1492 Codex
861 1429 919 1493 ille
945 1427 1188 1494 Ambrosianus

100 1527 127 1590 iu
136 1525 273 1592 editione
289 1527 480 1604 Muratorii,
496 1532 530 1590 et
544 1527 588 1590 ab
603 1526 766 1610 Eutropio
779 1533 814 1591 et
827 1530 872 1592 ab
885 1529 1026 1594 historia
1038 1530 1191 1595 miscella

100 1627 278 1706 sedidem,
302 1629 399 1694 atilli
422 1630 537 1712 aliqua
550 1633 680 1712 passim
706 1630 903 1706 admisceat,
928 1651 1004 1714 quae
1033 1637 1067 1696 et
1087 1632 1191 1696 babet

99 1729 223 1795 historia
235 1731 398 1808 miscella,
412 1731 511 1815 bajus
531 1735 712 1812 augmenta
736 1731 901 1815 pleraque
922 1734 1061 1816 ignoret.
1104 1732 1189 1797 Pos-

99 1838 208 1896 tremus
221 1833 300 1917 ejus
314 1833 429 1909 libros,
443 1831 501 1914 qui
515 1832 689 1914 excipiunt
702 1828 814 1895 Paulli
827 1833 948 1896 librum
964 1849 1190 1900 xv111.uemo

99 1939 203 1998 temere
213 1936 284 2019 ipsi
296 1933 419 1998 Paullo
434 1934 638 2016 asumpserit,
654 1952 732 1998 cum
742 1933 920 2016 refragabat
929 1935 1080 2013 historia,
1089 1956 1190 2019 quum

99 2033 172 2098 alba
185 2055 308 2099 anuum
323 2035 399 2100 799.
420 2055 489 2119 quo
516 2042 682 2100 mortuum
710 2035 818 2101 ierunt
840 2034 1007 2115 Paullum,
1037 2037 1191 2120 proferat.

99 2133 223 2220 'ltiplici
245 2138 351 2220 igitur
373 2137 481 2202 forma
504 2138 707 2222 conspicitur
730 2137 913 2220 Eutropius
936 2144 1057 2218 nostor,
1076 2141 1191 2206 nativa

99 2237 149 2301 illa
175 2245 205 2302 et
229 2241 370 2321 integra,
395 2259 495 2322 quam
516 2240 688 2304 revocavit
711 2239 944 2303 Schouhovius
967 2240 1103 2324 aliique,
1127 2243 1191 2306 etsi

98 2343 212 2421 passim
227 2343 334 2406 allitis
357 2343 511 2420 maculis,
534 2361 620 2427 quas
641 2344 839 2407 recentiores
862 2343 1113 2425 absterserunt3
1142 2345 1191 2408 ai-

97 2447 159 2504 tera
178 2442 294 2507 Paulli
318 2445 474 2508 manibus
489 2441 626 2508 diducta
646 2450 680 2508 et
701 2444 746 2507 ab
761 2443 857 2506 initio
870 2443 970 2507 etiam
985 2451 1097 2522 aucta,
1112 2465 1190 2528 quae

98 2552 223 2628 apparet
236 2545 271 2608 in
292 2543 475 2610 (lodicibus
498 2546 625 2622 multis,
644 2545 746 2610 etiam
762 2542 985 2609 Ambrosianu
999 2548 1192 2629 antiquissi-

92 2665 145 2709 mo
164 2654 197 2712 et
217 2647 425 2730 quibusdam
448 2647 649 2712 editionibus
670 2647 811 2730 priscis3
837 2648 934 2710 tertia
960 2648 1133 2732 deturpata
1158 2653 1193 2715 et

96 2747 257 2830 inquinata
271 2749 420 2830 undique
430 2751 464 2812 iu
478 2749 618 2814 historia
631 2749 792 2827 miscella,
802 2753 840 2812 ut
851 2767 933 2812 vera
946 2749 1006 2818 illa
1019 2755 1052 2813 et
1062 2751 1193 2815 sincera

97 2851 223 2930 agnosci
238 2859 272 2914 et
296 2848 456 2934 deprendi
470 2853 530 2916 vix
545 2851 663 2934 possit
688 2855 690 2862 '
708 2849 762 2915 Ex
780 2850 933 2935 plurimis
947 2852 1032 2915 enim
1046 2853 1193 2918 auctori·

95 2951 150 3015 bus
176 2953 325 3019 historia
349 2953 409 3017 illa
435 2953 572 3030 coaluit,
602 2958 636 3018 et
663 2954 698 3016 iu
723 2953 889 3036 prioribus
912 2952 1005 3016 libris
1027 2952 1191 3041 Eutropii,
1229 2988 1235 3004 ·

96 3049 188 3133 Flori,
208 3055 381 3132 Suetonii,
407 3053 569 3132 Victoris,
585 3053 737 3130 Eusebii,
754 3052 880 3130 Rufini,
895 3051 1020 3131 Orosii,
1034 3054 1193 3121 Iordanis

96 3153 308 3240 aliorumque,
345 3157 431 3220 sorte
461 3156 559 3218 etiam
594 3152 839 3238 deperditarum
871 3155 949 3218 loca
969 3157 1194 3235 conglutinata

95 3263 180 3336 suna
206 3260 241 3321 in
270 3258 518 3340 posterioribus
546 3255 721 3321 Anastasii
748 3255 961 3339 potissimum
981 3255 1121 3321 historia
1148 3259 1193 3322 ad

95 3358 219 3420 uerbum
235 3358 307 3423 iere
322 3359 464 3440 repetita
481 3361 544 3435 est,
558 3361 597 3420 ut
609 3375 718 3420 rerum
731 3357 832 3420 series
842 3356 918 3421 inde
929 3365 1192 3440 componeretur.
1254 3362 1262 3377 ’

95 3454 136 3522 At
154 3463 231 3543 quis
251 3466 374 3524 auctor
395 3458 469 3543 ejus
495 3461 607 3544 operis
628 3458 738 3537 fuerit,
760 3459 819 3522 vix
841 3479 904 3541 pro
926 3466 1016 3522 certo
1031 3460 1194 3550 affirmare

95 3558 173 3638 licet,
202 3575 264 3626 ne‘c
291 3581 361 3624 ‘una
386 3565 438 3624 est
464 3561 609 3625 urorum
637 3560 810 3623 doctorum
837 3562 1005 3624 sententia.
1050 3562 1194 3626 Lendul-

95 3660 186 3742 phum
215 3664 387 3744 Sagacem
403 3663 553 3746 plerique
572 3663 715 3746 jactant,
738 3668 772 3723 et
793 3663 826 3724 iu
849 3660 1053 3726 editionibus
1075 3683 1194 3729 nomeu

96 3763 185 3827 etiam
196 3765 273 3852 ejus
289 3769 477 3848 apponunt,
492 3761 629 3828 Codicis
643 3763 727 3827 forte
736 3762 879 3846 alicujus
893 3766 1092 3831 auctoritate
1100 3768 1193 3831 moti.

589 3995 699 4047 NOTAE

124 4126 135 4152 ¹
149 4120 180 4170 ln
191 4123 257 4175 bibi.
271 4125 333 4174 Lat.
345 4140 369 4174 c.
381 4123 399 4174 i.
411 4139 437 4190 p.
452 4129 508 4176 lit.
695 4135 706 4170 r
723 4127 756 4177 la
766 4123 869 4176 dissert.
881 4125 914 4175 de
927 4123 1019 4174 Paullo
1030 4121 1159 4172 Diacono.
