2809 4684
591 275 674 324 cnr.
697 273 756 322 ιιι.
1191 255 1216 343 9

106 417 249 498 Persas,
263 419 314 486 uti
329 415 413 503 ipse¹
437 425 549 484 narrat
566 419 714 503 aliiquem
737 422 910 484 testantrr.
955 416 1047 484 Hinc
1061 416 1211 496 ἦλικιῶιης
1307 467 1316 478 .

107 523 176 598 ὁμοῦ
198 522 250 584 καὶ
271 519 438 610 «ignorem
456 524 611 584 Ἰουλιανοῡ
625 526 764 586 vocatur
783 540 804 585 a
820 519 1013 602 Nicopbom
1038 519 1214 603 (ὶιοςοιι.ΙΙ

106 620 246 688 Mortuo
260 631 372 688 minen
382 623 432 688 illi
441 623 544 688 fuisse
556 624 769 705 superstitem
778 630 814 685 et
827 623 889 686 sub
903 620 1049 687 Valente
1058 622 1213 690 floruisse

103 725 321 789 manifestum
335 730 444 788 estex
465 725 575 808 ipsius
596 723 744 788 historia
766 723 863 788 initio
883 727 920 788 et
940 723 1020 801 fine,
1034 723 1121 788 unde
1134 744 1214 788 eum

102 830 192 888 recte
217 825 310 890 idem
335 825 550 908 Nicephoms
575 821 738 909 σόγχςονοι
761 823 915 890 Valentis
945 832 1055 891 vocat.
1097 824 1213 909 Atque

103 925 269 990 hactenus
293 929 364 991 sine
387 927 514 991 offensa
532 927 683 1010 progredi
706 928 795 992 licet.
837 926 908 992 Sed
933 926 977 993 ad
1002 926 1213 1010 conjecturas

102 1026 256 1104 redeunt,
270 1035 304 1092 et
319 1029 372 1092 vel
388 1029 537 1110 speciem
552 1028 624 1092 veri
639 1027 777 1106 habeut,
786 1029 842 1092 vel
856 1025 1110 1092 difficultatibus
1123 1029 1213 1092 obsi·

104 1127 239 1205 dentur,
265 1149 342 1210 quae
369 1129 446 1192 inde
469 1131 511 1194 ab
539 1130 595 1196 illo
618 1135 768 1213 tempore
790 1131 834 1194 de
858 1130 932 1214 ejus
955 1130 1027 1194 vita
1051 1147 1074 1192 a
1095 1129 1211 1194 miuus

103 1230 357 1294 commemorari
387 1231 505 1308 solent,
536 1253 613 1298 cum
642 1233 742 1297 certis
767 1233 872 1314 signis
904 1232 1039 1296 minimo
1068 1235 1211 1309 constet,

103 1351 208 1413 quarn
224 1331 282 1396 diu
299 1333 362 1395 sub
377 1332 521 1399 Valente
535 1334 669 1412 vixerit,
684 1339 719 1398 et
738 1352 781 1396 an
796 1332 870 1416 ejus
884 1351 1116 1396 successomm
1131 1337 1211 1396 aeta·

104 1437 169 1494 tem
184 1433 342 1516 attigerit.
386 1432 488 1510 Quod
502 1435 575 1518 ipse
590 1435 626 1498 in
639 1435 789 1498 historiae
808 1431 1019 1497 dedicatione
1032 1430 1212 1494 Valentem

107 1529 276 1596 Gothicum
299 1535 459 1617 appellat,
485 1535 604 1600 docere
628 1536 749 1617 possit,
776 1553 853 1598 eum
881 1537 961 1618 post
984 1552 1107 1598 annum
1133 1531 1210 1596 369.

104 1633 246 1710 vixisse,
273 1635 404 1718 quippe
428 1655 495 1717 quo
518 1635 645 1700 Valens
670 1633 888 1712 Athanarico,
912 1633 1102 1700 Gothorum
1127 1633 1210 1715 regi,

103 1736 229 1816 petenti
243 1754 366 1818 pacem
380 1735 482 1800 dedit.
527 1735 574 1801 At
597 1741 756 1820 suspecta
774 1741 827 1802 est
840 1755 883 1800 ea
901 1754 984 1812 vox,
1000 1741 1035 1800 et
1048 1754 1071 1798 a
1084 1735 1211 1799 Sciron

102 1837 202 1901 borio
216 1837 428 1902 renitentibus
443 1839 535 1902 libris
550 1839 695 1916 obtrusa,
712 1858 816 1922 quam
834 1839 937 1903 etiam
957 1842 1079 1920 postea
1090 1835 1209 1900 melius
1302 1825 1305 1829 ’

102 1939 302 2020 expulerunt
316 1941 378 2004 viri
392 1939 495 2004 docti.
540 1939 826 2006 Commemoratur
848 1947 957 2004 tamen
977 1939 1040 2002 sub
1062 1936 1209 2002 Valente

103 2037 299 2122 Eutropius
325 2060 424 2122 quem
459 2038 657 2104 Ammianus
681 2041 914 2104 Marcellinus⁰
938 2038 1210 2122 proconsularem

104 2137 299 2220 dignitatem
321 2161 363 2206 eo
386 2149 534 2224 tempore
559 2143 744 2207 obtinuisse
766 2141 896 2217 scribit,
920 2159 989 2224 quo
1014 2135 1208 2204 Theodorus

102 2242 254 2304 notarius
268 2243 397 2326 imperii
413 2243 555 2310 affectati
577 2251 758 2310 accusatus
779 2241 1011 2317 damnabatur,
1029 2246 1066 2304 et
1086 2245 1209 2322 preter

104 2342 189 2406 alios
217 2344 319 2408 etiarn
345 2345 540 2430 Eutropiust
568 2348 623 2412 hic
647 2351 804 2431 tanquam
827 2343 984 2409 sectionis
1010 2340 1102 2406 illius
1126 2360 1207 2416 cou-

103 2445 195 2510 scius
210 2445 246 2508 in
260 2448 384 2511 crimen
399 2451 642 2527 arcessebatur,
656 2450 722 2514 etsi
736 2449 900 2512 innocuus
916 2443 1093 2520 abscessit,
1105 2443 1208 2508 Pasi-

102 2544 193 2626 philo
209 2546 376 2612 eximente
396 2549 606 2634 philosopho,
622 2552 673 2616 uti
694 2549 793 2614 refert
811 2547 1018 2614 Ammianus.
1062 2544 1207 2608 Factum

102 2645 137 2710 id
151 2665 227 2710 esse
242 2647 334 2712 circa
348 2669 383 2732 a,
395 2649 435 2713 C.
449 2649 525 2716 373.
547 2653 776 2736 adjunctarum
796 2671 907 2714 rerum
929 2650 1034 2722 series
1047 2646 1207 2724 declarat.

102 2745 226 2832 Attigit
247 2751 348 2814 etiam
369 2751 458 2816 hauc
480 2752 632 2837 Eutropii
654 2753 890 2828 calamitatem,
911 2769 1013 2832 quam
1035 2748 1108 2831 ipsc
1129 2765 1207 2821 cum

105 2849 178 2914 aliis
202 2852 319 2915 multis
333 2859 494 2936 expertus
510 2863 592 2932 erat,
613 2853 802 2927 libanius,q
821 2853 880 2935 qui
896 2851 1032 2914 Festum
1046 2848 1208 2912 calumni-

103 2958 227 3014 atorem
242 2959 277 3014 et
290 2958 521 3016 accusatorem
535 2954 691 3037 producit
704 2953 757 3015 his
772 2953 901 3014 verbis:
924 2950 985 3036 περὶ
1006 2947 1106 3012 τούτου
1124 2945 1206 3029 μόνος

103 3049 168 3132 πρὸς
189 3047 271 3130 μόνον
289 3052 336 3113 τὸν
352 3049 487 3114 Barim
507 3050 596 3114 εἰπών·
620 3053 657 3126 ὥς
683 3049 735 3133 ἐμέ
755 3077 786 3114 τι
808 3046 845 3113 ἄν
864 3053 942 3134 αὐτῷ
962 3047 1059 3136 ῥᾳδίως
1082 3049 1131 3111 καὶ
1157 3048 1206 3110 τὸν

108 3151 257 3238 Εύτςόπιον
275 3149 343 3232 ἕλοι,
364 3152 488 3215 curtiles
509 3153 602 3238 ᾧχιτο
623 3157 660 3226 εἰς
679 3150 786 3216 'lorias
807 3152 850 3213 hl
864 3154 915 3229 τὴν
933 3148 1037 3234 ἀρχήν.
1081 3150 1204 3214 Festus

108 3256 224 3332 autem,
252 3255 405 3320 crudelisr
435 3256 491 3320 ille
518 3257 720 3320 homocum
751 3259 890 3340 praeses·
924 3251 1045 3316 finisset
1083 3250 1203 3336 Syriae,

600 3453 709 3506 NOTAE

138 3579 144 3615 ¹
158 3595 184 3632 n
202 3581 285 3632 lain
703 3592 716 3617 ⁶
732 3597 812 3634 xxix.
827 3587 850 3632 1.

137 3657 374 3722 Ι01”.Αιιοιιςιιιιιι
395 3674 418 3710 c.
433 3661 451 3710 l.
472 3659 517 3712 lib.
534 3675 553 3712 ι.
572 3677 597 3726 p.
606 3666 630 3713 t.
702 3667 716 3701 P
733 3659 775 3710 Cf.
797 3657 947 3710 Ammiani
959 3669 984 3708 c.
1001 3655 1020 3706 l.
1038 3661 1067 3706 et
1079 3653 1204 3706 Libauius

112 3739 136 3782 et
146 3733 254 3783 Gadium
266 3749 291 3784 e.
306 3734 324 3784 l.
337 3748 363 3797 p.
372 3739 396 3784 7.
671 3737 704 3786 de
723 3737 778 3788 rita
794 3751 842 3786 sua
861 3737 935 3788 Tom.
955 3747 976 3785 1.
993 3749 1020 3800 p.
1031 3737 1087 3784 ila.
1103 3748 1141 3800 sq.
1159 3731 1203 3786 ed.

138 3807 525 3862 ¹1uorauoneencomtunca
540 3811 631 3862 inlm·
671 3814 761 3864 Reisk.
1188 3815 1196 3825 ”

112 3890 247 3946 perstarem
269 3883 469 3936 Constantinum
497 3889 535 3939 M.
556 3888 631 3954 cujus
706 3890 768 3939 tc.
779 3890 798 3937 l.
816 3903 842 3953 p.
853 3893 911 3940 1⁰6.

114 3959 253 4020 particulam
277 3960 395 4023 vulgarit
425 3961 579 4016 lambecius
604 3966 630 4016 in
704 3964 930 4030 'Vidfflorimm
953 3960 1202 4014 rv.15.et8uidm

114 4035 289 4086 momentariis
301 4035 335 4084 do
355 4034 415 4086 bibl.
427 4038 574 4092 vindobon.
585 4040 631 4094 lib.
670 4043 697 4092 b.
709 4057 733 4093 r.
745 4043 878 4106 Eunupiui
894 4041 922 4092 in
932 4039 1050 4092 Maximo
1070 4055 1098 4106 p.
1113 4054 1148 4088 ιιι.
1156 4041 1202 4089 89.

115 4119 166 4159 ιιιι
175 4125 199 4176 p.
211 4115 266 4163 126.
279 4111 340 4178 (ιιι.
350 4111 463 4179 Kollar.)
634 4134 638 4142 ⁴
670 4113 1203 4184 φουιιὴνιιὶμιγιιρόὴψωοιῐςοι
