2809 4684
218 193 283 258 stt
379 251 385 262 ,
471 208 664 258 recensus
685 203 857 256 conrcun
882 205 1061 256 nuruorrr

221 371 300 419 saec.
315 369 381 418 xv.
401 354 514 419 collat.
530 353 713 436 adpunctus
727 371 825 436 pugg.
840 353 993 419 editionis
1008 349 1147 418 Heur'ici
1161 341 1319 435 Verbeyk

221 475 298 536 quse
314 456 467 540 Lugduni
483 457 604 520 Bntnr.
617 456 706 520 edite
719 463 772 519 est
788 455 882 521 1762.

600 631 726 696 Codices
744 629 937 699 oxonienses.

264 750 347 816 cod.
363 751 430 816 Me.
445 749 597 834 Eutropii
609 753 695 814 iuter
710 749 810 814 codd.
824 749 916 813 Guil.
931 746 1040 812 laudi
1054 747 1213 834 Arcbicp.
1228 746 1318 814 Can·

225 861 306 918 iuer.
320 854 355 917 in
371 848 567 915 Bibliotlccca
583 849 771 914 Βοάίεὶαηα.
815 851 980 928 Continet,
1004 851 1087 915 inter
1110 851 1179 914 ulie.
1201 849 1322 926 multu,

225 952 377 1038 Eutropii
400 953 581 1037 Epitomen
601 953 767 1018 Romnum
791 951 884 1016 Hist.
909 953 984 1016 Lib.
1010 967 1049 1014 x.
1068 951 1194 1034 ¹Script.
1216 949 1261 1014 A:
1276 949 1322 1014 D.

224 1057 240 1120 i
252 1056 322 1120 160.
338 1073 399 1138 per
412 1054 609 1119 monachum
624 1054 790 1137 quendem
804 1053 826 1118 J
828 1071 970 1117 ounnem
984 1051 1221 1136 Mesylync'ke.

113 1230 117 1236 ,
272 1154 368 1220 Alius
380 1156 415 1220 in
429 1155 566 1220 Seldeni
588 1153 746 1220 Archivis
760 1156 796 1218 in
814 1151 968 1217 Bibliotlr'.
983 1149 1078 1216 Bodl.
1100 1153 1323 1236 amplectitur,

226 1275 302 1320 cum
312 1259 388 1321 eliis
397 1256 560 1340 plurimis,
573 1255 728 1338 Eutropii
739 1254 780 1318 do
789 1253 905 1319 Gestis
915 1253 1142 1318 Romanorum
1150 1255 1273 1320 Libros
1284 1269 1323 1317 x.

227 1380 302 1424 cum
316 1359 415 1424 Pauli
428 1356 621 1424 casinensis
629 1357 788 1422 'moneclri
801 1355 1043 1421 additamentis.

271 1459 390 1524 Addua
404 1459 495 1542 qued
516 1461 552 1524 in
566 1456 788 1542 Collegionrm
803 1458 912 1524 Oxou.
926 1457 1134 1524 bibliothecis
1148 1477 1323 1522 esserrnn·

229 1570 281 1624 tur
295 1567 435 1643 quotuor
459 1561 558 1624 codd.
579 1559 665 1622 Mss.
680 1560 853 1642 Eutropii:
874 1577 993 1642 nempe
1015 1577 1101 1622 unus
1119 1558 1157 1622 ‘ru
1186 1553 1324 1643 Collegio

237 1659 526 1736 nutrimentalem
549 1663 586 1724 in
612 1657 833 1738 Lincolnicnsi,
857 1661 973 1726 tertius
994 1661 1030 1723 in
1054 1655 1266 1744 Mugdulenri,
1290 1665 1326 1722 et

230 1770 367 1844 quartus
389 1762 424 1824 iu
444 1761 652 1826 bibliothece
676 1760 761 1824 Novi
788 1759 930 1846 Collegit.
984 1760 1033 1824 Hi
1057 1779 1131 1838 sex,
1154 1777 1224 1823 une
1248 1777 1325 1822 curn

128 1851 133 1858 ⁸
231 1863 300 1926 elio
323 1860 485 1926 Messuloe
505 1860 655 1939 Corvini,
677 1863 739 1944 qui
760 1863 794 1924 in
821 1861 1025 1926 bibliothece.
1053 1857 1187 1946 Collegii
1201 1855 1326 1922 Lincol-

230 1961 343 2026 nienu‘r
371 1972 436 2042 est,
467 1967 595 2045 septem
628 1962 705 2026 illos
742 1960 840 2050 codd.
874 1962 1072 2026 constituunt
1105 1959 1326 2036 Oxonienses,

236 2064 362 2146 quibus
383 2069 419 2127 ut
432 2064 558 2127 criticis
570 2069 607 2126 et
619 2062 858 2144 bibliogrupbis
871 2066 1099 2140 memoratum,
1118 2059 1205 2124 Tho.
1222 2059 1329 2124 Heer-

232 2165 308 2246 nius
321 2183 401 2228 usus
415 2171 483 2228 est:
497 2163 702 2228 diversorum
711 2163 862 2228 nimirum
877 2163 1074 2226 saemdorum
1085 2166 1118 2225 et
1130 2162 1327 2244 pretiorum:

233 2285 265 2330 ar
285 2283 396 2328 'imeres
410 2265 523 2328 varies
540 2264 699 2328 lectiones
713 2282 758 2327 ex
769 2262 898 2340 iisdem,
922 2268 959 2326 ut
971 2263 1075 2327 etiam
1088 2282 1133 2326 ex
1147 2280 1213 2326 uno
1230 2259 1330 2326 Gelei

237 2365 376 2431 [anub.
390 2365 526 2446 collegit
538 2365 579 2429 cl.
594 2364 700 2428 editor
716 2364 893 2442 Heernius,
907 2371 942 2428 et
961 2365 1117 2450 quisquis
1138 2381 1195 2428 eus
1218 2363 1330 2427 curio·

235 2470 304 2530 sius
319 2485 403 2529 serre
418 2464 512 2541 velit,
534 2462 683 2528 consulet
701 2483 746 2530 ex
768 2481 904 2530 necesse
923 2465 1063 2529 nitidem
1084 2469 1117 2528 et
1130 2461 1329 2530 emendetis-

235 2585 353 2630 sunum
368 2566 457 2628 ilium
471 2564 627 2646 Eutropii
636 2563 816 2628 editionem
830 2562 955 2630 Oxouii
970 2585 1131 2630 excusem
1146 2565 1247 2631 1703.

280 2669 333 2731 llo
348 2668 463 2730 cortice
479 2656 1008 2748 Mugdulensisuprcdicto,inter
1022 2667 1108 2730 alios
1119 2665 1328 2730 oxonienses

236 2790 259 2832 u
274 2768 405 2849 ‘l'bomu
421 2765 570 2830 Henrnio
585 2786 678 2849 saepe
690 2772 886 2846 memorato,
909 2768 1056 2832 animum
1075 2767 1179 2831 subiit
1202 2766 1330 2832 dubiu-

241 2874 285 2932 ie
296 2867 538 2929 uninbibliotb.
549 2865 763 2948 Magusum
774 2872 1115 2934 revera'conserratus
1129 2868 1192 2932 sit:
1207 2867 1329 2952 quippe

237 2985 299 3032 nos
313 2967 404 3049 spud
414 2966 593 3058 Oxonlem,
603 2968 739 3037 codices
750 2970 940 3036 consulendi
949 2989 1061 3047 ceusu,
1072 2989 1180 3052 nuper
1188 2986 1330 3032 commo-

238 3074 314 3133 rato.
328 3118 337 3144 ‚
350 3061 550 3133 nliisluultis
564 3068 740 3134 codicibus
753 3070 925 3154 inspectis,
939 3071 994 3135 bic
1009 3069 1154 3152 quodum
1166 3089 1251 3134 cusu
1262 3087 1331 3134 orn·

237 3171 317 3232 nino
327 3170 448 3247 eitiunt.
464 3169 511 3234 At
521 3168 654 3251 quidem
668 3188 732 3233 nos
741 3173 895 3234 certiores
906 3170 1194 3235 reddiditPraescs
1210 3167 1331 3234 doctis·

239 3272 344 3347 simus
358 3271 474 3349 blaud.
487 3270 574 3334 Coll.
589 3268 636 3332 Μ.
650 3269 683 3334 J.
700 3269 824 3348 Routb,
839 3269 925 3334 S.T.
935 3271 975 3334 P.
985 3271 1033 3334 ibi
1047 3276 1162 3334 extare
1175 3270 1263 3334 hunc
1278 3288 1331 3334 co-

238 3371 359 3434 dicem.
406 3371 452 3433 tu
465 3371 597 3435 videtur
609 3390 651 3433 ex
666 3369 899 3454 descriptione,
914 3371 1004 3454 sapit
1017 3371 1254 3454 antiquitatem,
1268 3389 1332 3434 uon

239 3471 379 3534 nudtum
395 3470 568 3534 dissimilis
582 3472 659 3534 aliis
668 3474 739 3556 Jam
754 3472 943 3556 descriptis,
968 3471 1212 3555 sicincipiens,
1234 3477 1245 3505 ‘
1260 3471 1333 3536 Pri·

240 3590 316 3634 mus
342 3574 374 3634 iu
398 3571 518 3647 ludim'
540 3577 602 3636 tw.
625 3575 772 3638 similiter
797 3582 897 3657 etque
920 3573 1000 3638 edit.
1026 3571 1177 3652 Froben3
1205 3579 1333 3655 postea,

240 3688 359 3750 nenrpe
374 3674 480 3754 ipsius
497 3673 646 3758 Eutropii
663 3675 727 3738 sub
742 3677 847 3752 initio,
864 3675 1021 3739 ‘Primus
1035 3673 1225 3756 igituruium
1247 3673 1335 3738 nul-

241 3777 310 3834 tuu
327 3771 509 3854 discrepat,
532 3777 581 3838 uit
599 3779 647 3838 vir
660 3776 791 3854 doctus,
811 3779 865 3842 bic
890 3776 1001 3842 codex
1025 3795 1048 3839 u
1069 3783 1217 3837 recenter
1229 3773 1335 3838 editis

243 3869 408 3936 Nimirum
430 3876 665 3939 additamentis
681 3875 778 3942 Peuli
794 3877 937 3941 Diaconi
960 3878 1042 3940 mire
1057 3874 1278 3956 interpolatus
1291 3873 1337 3938 le-

242 3992 338 4056 usur,
349 3973 385 4038 id
396 3977 487 4057 quod
499 3975 541 4040 de
549 3974 751 4040 editionibus
760 3977 1005 4060 antiquioribus
1016 3993 1079 4042 uos
1089 3973 1246 4040 certiores
1256 3973 1336 4038 lecit
