2809 4684
566 291 649 342 GAP.
673 291 756 343 vm.

543 521 648 614 car.
671 549 778 616 vrrr.

383 720 433 766 nu
458 719 726 768 AUC'I'ORITATB
753 721 944 769 EUTROPH.

143 835 339 902 surrent
357 837 528 900 historiam
543 837 578 900 in
592 847 713 919 magno
736 839 817 904 olim
834 840 956 904 honore
976 838 1123 905 habitum
1138 841 1215 906 diii·

102 939 262 1021 gentique
276 939 457 1002 multorum
470 939 610 1002 lectione
620 946 785 1003 versatam
797 959 884 1018 esse,
899 947 1018 1024 praeter
1028 943 1123 1006 varia
1134 963 1214 1008 auc-

102 1047 214 1105 tarum
230 1039 432 1117 testimonia,
455 1040 581 1105 docent
595 1043 695 1105 ctiam
719 1044 847 1107 crebrae
861 1044 935 1126 ejus
954 1044 1166 1126 repetitiones
1182 1051 1216 1110 et

102 1142 261 1225 inprimis
273 1143 450 1208 -versiones
473 1145 631 1227 autiquae.
691 1145 780 1209 Cum
794 1149 882 1210 enim
904 1167 969 1210 non
986 1147 1097 1210 solum
1111 1167 1214 1230 expe·

103 1243 178 1308 dita
191 1249 283 1309 esset
296 1247 369 1330 ejus
383 1243 496 1323 lectio,
519 1252 553 1310 et
573 1246 733 1328 frugifera
754 1247 916 1312 brevitate
930 1247 1214 1327 commendabilis,

103 1351 177 1410 tum
191 1348 308 1424 etiarn,
324 1365 395 1429 quo
408 1348 548 1430 propius
562 1348 604 1412 ad
626 1349 753 1414 exitum
771 1350 955 1426 contendit,
979 1369 1020 1412 eo
1033 1349 1133 1412 etiarn
1146 1369 1216 1414 cer·

103 1448 225 1512 tiaram
242 1447 401 1512 afferebat
414 1447 513 1512 iidem
533 1450 609 1532 ipso
623 1469 733 1514 rerum
745 1467 809 1516 usa
823 1451 1009 1516 collectam.
1055 1450 1112 1515 Ita
1130 1452 1216 1516 Hie-

104 1567 278 1633 ronymus,
292 1567 370 1612 cum
384 1549 521 1614 Eusebii
536 1551 638 1615 libros
650 1552 786 1616 annales
800 1553 855 1618 val
865 1559 1005 1618 verteret
1017 1553 1150 1631 Latine,
1161 1554 1216 1618 vel

103 1651 241 1732 longius
254 1650 444 1728 deduceret,
468 1653 570 1716 multa
584 1671 628 1716 ex
642 1653 810 1737 Eutropio
830 1654 927 1737 petiit
940 1662 973 1718 et
987 1653 1107 1718 iisdem
1122 1674 1216 1738 saepe

105 1751 217 1816 verbis
242 1751 414 1817 reddidit·
468 1752 561 1818 Idem
586 1756 733 1819 iecerunt
757 1763 838 1838 post
864 1737 1109 1840 Hieronpmum
1133 1757 1216 1820 Tiro

106 1853 256 1938 Prosper
271 1853 477 1938 Aquitanas,
492 1863 525 1920 et
539 1854 766 1921 Cassiodorus
780 1858 816 1920 in
832 1857 1016 1922 Chronicis.
1060 1858 1217 1922 Pressius

105 1962 254 2020 nostrum
267 1963 450 2040 sequnntur
473 1957 597 2024 Sextus
615 1960 738 2038 Rufus,
763 1960 917 2042 aqualis,
943 1960 1006 2022 aab
1020 1959 1217 2024 Theodosio

107 2057 232 2122 Victor
247 2059 386 2135 Schottr',
402 2065 436 2124 et
449 2061 576 2124 seculo
591 2063 708 2144 quinto
718 2059 869 2138 Orosius,
879 2062 944 2124 etsi
958 2060 992 2123 hi
1006 2080 1066 2143 per
1079 2061 1217 2125 eandam

105 2160 197 2224 riam
213 2159 349 2224 aliunde
373 2161 506 2245 objectu
531 2163 666 2225 minime
681 2163 847 2226 omittunt.
893 2162 969 2226 Nec
984 2169 1121 2245 postero
1135 2168 1218 2226 tem-

105 2279 188 2346 pore
202 2265 376 2345 nsglectus
386 2265 498 2347 jacuit
513 2265 707 2349 Eutropius,
729 2265 790 2328 sed
811 2283 833 2328 a
854 2263 1096 2330 chronicorum
1111 2267 1218 2349 scrip·

107 2366 239 2429 toribus
256 2384 375 2448 magno
389 2368 501 2432 studio
517 2367 690 2432 consultus
715 2374 768 2432 est
793 2375 828 2431 et
852 2386 1048 2450 expressus,
1068 2367 1218 2449 aspersis

107 2465 250 2531 aliorum
264 2468 518 2534 narrationibus.
564 2469 605 2532 In
618 2487 754 2533 censum
768 2469 823 2532 hic
837 2468 983 2532 maxime
997 2469 1134 2532 veniunt
1143 2454 1219 2531 Mo‘

107 2571 294 2636 nechoram
318 2573 354 2636 S.
369 2571 599 2651 Pantaleonis,
627 2571 765 2638 Ordinis
791 2572 826 2637 S.
844 2571 1031 2648 Benedicti,
1054 2570 1219 2635 Chronica

110 2669 233 2754 Regiab
244 2692 353 2756 usque
368 2673 412 2738 ad
427 2689 549 2738 annum
564 2675 661 2738 1161.
680 2675 883 2752 continuata,
894 2691 972 2756 quaa
989 2673 1140 2738 contecta
1155 2692 1219 2755 ρει·

109 2779 153 2837 tat
167 2772 343 2838 Eccardus
358 2793 378 2838 a
391 2773 649 2839 Coloniensihus
664 2775 700 2839 S.
715 2773 1123 2852 Pantaleonismoaachis,
1138 2775 1221 2858 qnia

109 2875 389 2959 archiepiscopos
401 2880 437 2938 et
448 2876 588 2940 abbates
600 2876 638 2941 S.
648 2876 868 2940 Pantaleonis
878 2883 999 2940 exacte
1012 2884 1218 2941 recenseant.

110 2975 179 3040 ΕΜ·
196 2978 288 3040 enim
310 2997 353 3042 ea
371 2995 464 3042 more
488 2981 588 3043 solito
611 2999 656 3044 ex
679 2979 793 3043 multis
817 2978 1009 3043 auctoribus
1022 2977 1219 3059 farraginem
1326 2977 1331 2986 ’

110 3097 217 3142 rerum
233 3084 438 3156 construunt,
454 3081 554 3144 veluti
569 3100 588 3143 e
602 3078 750 3158 tustino,
762 3079 1002 3161 Victore—qai
1013 3081 1112 3142 etiam
1124 3079 1167 3143 ad
1178 3099 1220 3143 ca

111 3181 235 3245 utiliter
256 3186 401 3264 possunt
422 3183 458 3244 ia
479 3182 591 3246 multis
614 3183 709 3246 locis,
724 3181 826 3262 exigi,
858 3188 892 3246 et
913 3181 1007 3244 initio
1028 3181 1104 3244 libri
1119 3198 1159 3246 x.
1174 3183 1219 3246 ah

111 3281 270 3366 Eutropii
295 3283 485 3348 narratione
513 3283 716 3360 desciscunt,
742 3283 888 3366 plurima
910 3289 1021 3346 umen
1041 3283 1220 3346 subminis-

113 3389 210 3463 trant,
243 3405 288 3449 ex
313 3385 437 3468 quibus
461 3383 670 3468 Eutropiana
691 3386 793 3464 lectio
811 3384 956 3467 judicari
978 3389 1013 3447 ct
1033 3381 1220 3449 confirmari

112 3488 232 3570 possit.
278 3487 338 3552 Sic
354 3489 389 3552 in
404 3487 480 3552 aliis
496 3487 662 3552 chronicis
679 3487 788 3552 multa
800 3485 946 3562 latitant,
960 3504 1050 3568 quae,
1064 3491 1101 3549 ut
1113 3487 1221 3551 omni-

114 3607 168 3667 no,
195 3589 371 3654 exhaustis
388 3590 550 3656 Codicum
571 3589 736 3669 sontibus,
760 3589 805 3653 ad
828 3596 1002 3653 auctorum
1012 3595 1164 3652 veterum
1178 3584 1221 3652 li·

115 3690 203 3768 bros,
227 3691 278 3756 sic
307 3691 410 3756 etiam
425 3690 469 3756 ad
485 3689 682 3778 Eutropium
696 3689 940 3754 emendandum
953 3694 987 3753 et
1011 3689 1221 3774 probandam

616 3923 725 3975 NOTAE

145 4045 157 4072 ⁸
171 4035 213 4090 Ct'.
226 4037 384 4090 Dndwchm
394 4039 421 4088 iu
433 4039 649 4103 prnlertiardbua
721 4038 734 4073 ¹³
749 4037 865 4090 innuit
876 4037 1047 4090 κωκυ
1055 4038 1128 4090 Tan.
1136 4049 1157 4088 r.
1165 4047 1223 4088 aar·

121 4115 294 4168 unumne
306 4129 334 4180 p.
346 4119 404 4168 rua
420 4119 478 4168 rra
689 4117 761 4182 porr·
771 4113 983 4169 amaracus
994 4114 1053 4166 aa
