2809 4684
615 278 698 329 cnr.
722 281 765 330 rr.
1214 275 1241 342 ⁶

129 420 186 496 sit,
201 420 393 504 inquorum
405 420 485 486 uned
499 439 576 486 eum
591 419 751 502 hortetur,
777 430 824 504 nt,
841 426 921 512 quie
934 427 1060 512 polleat
1071 426 1238 510 limem,

128 520 287 602 Gretiani
310 541 362 584 res
390 527 502 604 gestas
528 523 614 608 stylo
644 533 843 610 exequatur,
869 531 976 596 etsie
1001 530 1044 596 de
1070 532 1240 615 promisso

127 625 228 704 quoni
245 624 424 706 appellari,
439 625 528 708 quod
544 626 667 709 ipsein
683 629 747 695 line
757 631 833 698 libri
843 632 994 698 ediderit.
1039 633 1148 698 Iidem
1161 652 1241 701 uero

128 724 324 810 Symmachi
346 727 541 813 Eutropium
555 729 694 796 Gallum
708 733 813 798 fuisse
825 755 868 800 ex
885 736 954 800 elin
967 736 1125 819 epistole·
1138 735 1241 803 effici·

127 834 200 906 unt,
221 831 256 892 in
271 850 342 912 qne
356 831 429 896 haec
445 833 546 894 verba
560 833 732 914 leguntur:
755 833 964 915 ‘Ausonius,
980 838 1030 902 vir
1043 837 1240 920 consularia,

127 929 311 996 admirator
326 939 415 1008 tune,
433 935 559 1015 scripto
573 953 617 996 ex
631 932 719 999 Asia
731 955 836 1020 nuper
849 938 963 1017 allato,
983 940 1126 1004 mutilari
1141 959 1240 1022 egros

53 1073 56 1078 -
128 1051 223 1110 suos,
245 1034 305 1114 qui
320 1033 387 1096 tuis
400 1035 653 1117 conjunguntur,
669 1037 823 1121 aocepit!
866 1039 909 1104 ln
923 1040 989 1104 hoc
1011 1041 1141 1106 scilicet
1160 1041 1240 1108 loco

127 1153 192 1218 pro
207 1131 299 1212 Aria,
320 1137 546 1217 reponendum
573 1150 718 1214 censent,
734 1137 864 1218 Anneio,
879 1143 960 1225 quia
981 1149 1112 1208 constet
1130 1145 1242 1208 Auso·

128 1237 223 1300 nium
238 1255 339 1318 egros
361 1237 518 1300 habuisse
531 1257 597 1302 non
612 1240 645 1302 in
660 1236 760 1316 Asia,
776 1240 838 1305 sed
859 1243 897 1304 in
918 1243 1043 1308 Gallice
1060 1245 1118 1308 illa
1131 1248 1239 1327 perte.

129 1334 179 1404 At
201 1339 310 1402 omnis
333 1339 407 1403 haec
435 1339 620 1421 disputatio
654 1344 779 1406 versari
805 1343 840 1407 in
868 1344 1067 1428 conjecturis
1093 1344 1240 1425 videtur,

131 1437 234 1516 Quod
263 1441 351 1504 enim
375 1444 552 1516 emendent
580 1441 710 1522 Aueria,
737 1446 873 1510 euhoe
900 1447 1035 1511 nomine
1057 1445 1152 1510 dicta
1170 1452 1240 1514 tun

128 1541 227 1606 fuerit
241 1543 314 1606 haec
330 1544 423 1622 urbs,
439 1544 576 1608 dubium
599 1551 661 1610 est.
705 1545 847 1632 Antiqui
868 1549 967 1626 euim,
993 1549 1048 1612 vel
1065 1548 1159 1612 illius
1171 1547 1240 1617 fere

130 1645 242 1708 etrus
268 1646 460 1728 scriptores,
477 1643 596 1710 Αιιιεὲί
617 1649 751 1725 habent,
781 1651 839 1732 qui
863 1650 1069 1715 celeberrimi
1089 1657 1184 1714 erent
1205 1651 1242 1714 in

130 1741 328 1828 Aquitaniae
354 1749 500 1832 populis,
517 1769 685 1832 unamque
700 1756 828 1814 lantum
843 1770 958 1816 eorum
981 1752 1098 1814 urbem
1113 1750 1241 1838 Angor-
1329 1825 1333 1830 ,

129 1855 194 1910 tom
210 1857 449 1914 commemorat
471 1851 702 1929 PtolemaeuS,¹
725 1850 844 1918 Molee*
866 1851 1109 1918 Gliumberrum
1123 1854 1237 1936 prisco

129 1950 278 2014 nomine.
330 1951 371 2016 In
409 1951 589 2018 itinerario¹
627 1955 938 2037 Hierosolyminno
975 1955 1095 2036 legitur
1128 1952 1240 2020 civitas

130 2049 266 2114 Anneius
288 2073 350 2136 pro
365 2051 499 2132 Auscio,
524 2045 562 2122 ut
575 2058 777 2141 reliquorum
792 2059 941 2122 locorum
953 2056 1061 2120 forme
1073 2074 1240 2138 expresse

130 2153 240 2232 docet,
256 2175 319 2237 pro
333 2176 401 2239 quo
415 2157 451 2220 iu
464 2159 583 2222 notitia
597 2160 771 2224 civitatum
783 2158 908 2224 Gelliae
922 2163 975 2222 eet
986 2157 1095 2221 duitor
1108 2157 1241 2222 Auscio-

129 2276 210 2318 rum.
256 2257 393 2322 Gentile
414 2258 501 2322 enim
522 2260 613 2324 varie
639 2259 782 2336 effertur,
801 2257 909 2337 Ausci,
932 2257 1052 2336 Amet,
1067 2259 1240 2325 ueletiam

130 2355 304 2435 Amemus,
319 2358 469 2442 utiepud
494 2359 666 2426 Sidonium
680 2357 936 2444 Apollinarem.J
981 2358 1240 2444 Inde[posteue·

131 2463 200 2524 tum
211 2467 265 2526 eet
279 2481 399 2526 nomen
417 2458 530 2537 Aure,
545 2461 638 2545 quod
653 2461 753 2528 facile
765 2463 895 2528 transiit
908 2462 942 2525 iu
955 2460 1148 2526 hodiernum
1162 2457 1241 2525 Aue

129 2562 184 2626 vel
196 2559 303 2626 Auel.
348 2561 454 2628 Porro
473 2561 646 2628 Ausonius
663 2583 762 2646 agros
776 2583 855 2628 suos
866 2563 983 2628 habuit
1003 2563 1037 2626 in
1053 2557 1240 2640 Santonis)¹

130 2663 185 2749 qni
200 2663 246 2730 nb
269 2663 395 2730 Auscis
408 2667 522 2749 amplo
536 2666 712 2749 interjecto
728 2667 839 2749 spatio
855 2665 991 2741 distant,
1006 2682 1069 2728 nec
1084 2663 1239 2744 intelligi«

129 2773 182 2832 tur
193 2767 365 2853 quomodo
381 2767 578 2851 Eutropius,
606 2769 665 2852 qui
683 2769 717 2832 in
731 2765 864 2831 Oriente
877 2767 956 2846 egit,
970 2783 1071 2846 agros
1084 2762 1241 2828 hebuerit

129 2869 164 2932 in
185 2867 302 2934 Gellia
324 2867 470 2933 Ausonii
493 2869 581 2951 egris
596 2869 831 2932 conterminos.
876 2867 1007 2932 Deinde
1020 2885 1086 2930 non
1100 2863 1240 2930 indubie

128 2976 182 3036 est
200 2971 303 3037 lectio
328 2973 471 3036 nominis
497 2968 664 3049 Anonos,
686 2971 817 3055 quippe
840 2988 900 3053 pro
918 2987 987 3051 quo
1001 2968 1120 3049 iegitur
1138 2967 1240 3039 etiam

132 3068 350 3151 Musonianus,
370 3073 473 3136 veluti
494 3073 528 3136 in
555 3071 698 3136 editione
722 3071 837 3136 Porci.
882 3071 1038 3153 Denique
1056 3087 1118 3132 uec
1133 3068 1239 3149 megia

129 3181 284 3242 constant
309 3175 431 3240 verbe:
454 3174 508 3262 qut
522 3174 582 3236 tuis
595 3171 720 3260 (egris)
734 3173 975 3259 conjunguntur,
996 3189 1072 3234 cum
1086 3169 1146 3232 alii
1159 3166 1240 3233 affe-

129 3283 211 3354 runt,
234 3277 290 3361 qui
308 3275 366 3340 tibi
378 3278 572 3362 jvnguntor,
587 3276 649 3341 etsi
673 3280 811 3360 propter
824 3273 946 3338 ultime
964 3269 1118 3354 epistolae
1135 3270 1240 3338 verbe

132 3382 275 3464 priorem
289 3380 468 3444 lectionem
486 3377 731 3461 praeferendam
748 3377 951 3444 existimem.
1007 3371 1088 3463 Fuit
1101 3372 1238 3457 quidem

131 3478 305 3548 Ausonius
330 3483 507 3566 proconsul
522 3479 619 3546 Asiae
634 3477 943 3564 postconsulatum
963 3495 1066 3560 quem
1088 3476 1194 3560 gemit
1204 3493 1238 3539 a.

633 3645 741 3696 NOTAE

160 3763 282 3813 ιιιιι.47.
376 3755 377 3758 ’
738 3757 751 3791 ¹¹
768 3771 810 3807 ιιι.
827 3761 854 3818 2,
863 3760 905 3806 41.

163 3845 174 3872 θ
190 3853 232 3888 ιιι.
244 3841 286 3887 53.
740 3833 747 3867 ¹
761 3834 796 3884 Ρ.
808 3837 866 3884 ⁵50.
879 3830 920 3881 ed.
930 3828 1038 3880 Wereel.

162 3915 316 3966 ίΑιιιιιιίειι.
346 3913 517 3964 Marcellinus
548 3927 595 3962 xv.
622 3915 662 3961 ll.
734 3909 908 3975 tepuevn.
923 3907 1055 3970 epm.
1073 3902 1119 3954 ubi
1140 3901 1175 3955 cf.
1192 3902 1237 3953 Sa·

132 3990 194 4057 (28.)
210 3991 253 4043 ef.
266 3991 399 4043 Collatino
410 3991 436 4040 iu
448 3989 545 4055 Geogr.
563 3998 618 4040 eut.
631 4003 663 4040 ιι.
704 4002 776 4037 voro.

131 4071 202 4132 ²2⁸²·
738 4061 750 4096 l
767 4059 810 4113 ef.
822 4060 900 4126 epist.
912 4073 975 4112 ιιιιι.
987 4062 1028 4110 ll.
1044 4063 1074 4109 et
1093 4055 1165 4108 niul.

160 4153 173 4189 Ι
188 4158 219 4196 11.
230 4149 255 4194 7.
