2809 4684
265 289 446 341 suuvrsu.
468 291 567 342 urar.
591 291 681 344 nou.
704 291 779 344 ura.
794 291 862 344 vu.
884 292 968 344 oar.
981 280 1036 347 19.
1137 275 1205 347 437

129 431 307 497 Psimada]
338 433 543 499 Autesdeptum
553 433 634 500 lmpe·
672 435 761 498 detur,
783 437 887 501 quaudo
905 438 973 486 male
997 438 1080 503 partis
1105 439 1204 504 optime

99 507 176 558 rium.
213 511 283 560 Glm.
671 519 789 562 usnaest.
804 514 943 563 Suetonius
953 514 994 565 tit.
1005 519 1045 566 td.
1057 517 1084 565 iu
1092 517 1211 583 vespam·

128 587 153 634 A
172 585 285 649 Claudio]
301 599 327 638 r.
342 587 494 651 imperator.
529 589 599 638 (ilar.
670 589 783 638 Faciunt
792 595 878 638 satem

129 660 162 710 Ia
175 662 341 728 Germaniam]
374 666 487 729 laegatus
514 666 632 730 legionis.
734 664 982 714 obumbratoria.

97 735 206 786 Seston.
218 753 243 788 c.
253 742 278 787 t.
313 742 373 790 Geli.
735 745 897 790 roaamooso
908 747 1099 791 coronatorum.

128 813 161 862 ln
181 814 348 879 Gemina]
375 817 543 868 Provinciam
561 817 632 868 libe·
672 817 743 868 Glar.
778 817 1031 881 stampmtcsrea
1046 817 1207 870 bicomnlno·

94 902 201 938 uanam.
237 891 308 941 Glor.
669 892 847 956 reponendum
855 893 958 955 Jodico.
992 895 1204 945 ltacerteexlai·

128 965 161 1014 la
171 966 341 1031 Britannicas]
358 968 482 1020 Meminit
493 969 630 1020 Suetonius
669 969 736 1019 beut
747 969 831 1018 Codd.
844 969 907 1019 blas.
926 971 954 1020 S.
973 973 1009 1022 N.
1020 971 1073 1020 LO.
1091 971 1165 1023 Laid.
1177 976 1201 1022 1.

7 1065 19 1090 a
93 1042 336 1108 invespas.tit.t.
372 1047 443 1095 Glcr.
668 1035 887 1109 aerquotieat'i
904 1054 1041 1098 tastamet
1057 1043 1203 1100 sirm·

128 1119 222 1184 Etbis]
239 1122 299 1171 Non
310 1121 390 1172 babet
401 1123 508 1172 sueton.
526 1123 597 1173 Glar.
668 1122 782 1173 librariis
792 1132 994 1188 commutentur,
1002 1139 1080 1189 snpra
1089 1125 1203 1174 ostendi·

127 1197 160 1245 Is
178 1196 290 1260 imperio]
320 1199 460 1262 Postquam
482 1195 568 1248 faetus
589 1203 631 1247 est
668 1213 735 1261 mus,
746 1205 775 1248 et
785 1200 883 1265 ubique
891 1199 961 1264 apud
971 1197 1204 1264 scriptorcs'adpa·

94 1273 251 1338 imperator.
286 1273 355 1324 Glar.
668 1279 717 1323 ret.
740 1275 890 1326 Mortem
901 1279 965 1326 stad.
976 1277 1102 1341 seqnitur,
1112 1277 1202 1326 athas

125 1349 198 1398 Dans
215 1348 382 1412 solidissima]
398 1351 483 1400 Nemo
505 1349 630 1400 nominat.
668 1351 782 1401 lectione
799 1355 872 1403 locus
884 1353 1085 1404 commodiorem
1097 1367 1202 1402 sensum

94 1423 168 1474 Gla.
206 1424 287 1474 Ridet
310 1425 477 1476 Oasaubouus
504 1427 531 1475 in
556 1427 630 1480 Suet.
667 1428 772 1491 accipit,
783 1429 997 1494 quemadmodum
1007 1431 1094 1479 omnia
1108 1430 1202 1479 melius

91 1499 175 1563 Vesp.
188 1513 246 1562 cap.
258 1504 284 1549 l.
297 1500 494 1564 metaphrasten
505 1510 631 1566 uoatruur,
668 1503 797 1552 oubaercre
816 1505 878 1554 mibi
891 1506 1023 1569 videntur,
1041 1506 1063 1554 ai
1078 1521 1137 1556 enm
1148 1505 1202 1556 bls.

92 1573 165 1638 qnod
183 1574 300 1624 dunelm
311 1583 403 1638 gentes
413 1575 593 1628 dchrmanis
603 1585 631 1630 et
667 1577 721 1628 LC.
732 1579 813 1627 verba
827 1581 864 1628 a'tc
875 1583 902 1628 st
912 1595 964 1629 casa
980 1581 1041 1629 sadi
1056 1580 1146 1641 irrisore
1159 1593 1203 1628 aar·

91 1649 433 1716 Britannisinterpretctur.
468 1653 529 1705 Celt.
661 1651 741 1712 ser-res
761 1655 947 1718 abjiceremus:
973 1657 1081 1719 peram
1107 1660 1203 1705 taataas

126 1725 287 1790 xmppida]
315 1727 452 1792 Superque
463 1741 511 1778 xx.
522 1729 629 1794 oppida,
666 1728 914 1791 cridiorsrrit,oanaa
929 1745 982 1778 esu
1001 1731 1074 1792 omni,
1091 1734 1203 1792 donec,

86 1803 126 1854 ait
136 1803 285 1853 Suetonius.
321 1803 394 1851 Glcr.
665 1801 767 1851 etiarnsi
776 1803 823 1852 illa
837 1804 864 1852 iu
876 1805 972 1854 ceteris
991 1804 1074 1854 Codri.
1092 1805 1157 1856 Μαι.
1171 1813 1200 1856 et

127 1877 239 1928 rmum
253 1877 360 1940 Vsclma]
392 1878 436 1927 Sic
446 1891 495 1941 per
512 1893 628 1928 somnes
666 1878 854 1928 Vetast.Edd.
873 1886 1019 1942 serventur,
1039 1880 1143 1930 aliunde
1159 1881 1202 1932 laio

88 1953 153 2004 libri
176 1956 259 2005 nonni
284 1955 380 2004 Vectem
398 1955 534 2004 scribunt:
559 1955 629 2018 apud
665 1954 875 2006 insertadublto.
902 1955 1020 2019 terreat.

92 2030 210 2082 Plinium
221 2038 308 2081 tamen
321 2032 397 2081 Vertis
408 2039 481 2082 recto
492 2048 554 2082 casu
566 2034 629 2097 legi·
699 2029 753 2094 lta]
766 2031 879 2079 lbrmso.
895 2037 994 2080 tamen.
1030 2031 1100 2082 Glnr.

89 2116 146 2158 tur.
168 2109 247 2158 Viaet.
284 2109 364 2158 Vestia
373 2114 485 2158 vocatur
496 2108 564 2172 apud
573 2109 628 2158 Pli-
699 2104 970 2164 Nersaoilenstcesra
980 2106 1115 2169 cajarqacsr
1131 2105 1199 2169 prin·

90 2184 163 2233 nium
176 2196 215 2232 rr.
229 2187 270 2232 lo.
304 2184 462 2233 Ptolemaeus
474 2185 549 2248 ponit
559 2185 629 2234 inter
665 2181 737 2246 εἰμί’]
748 2181 924 2244 Vespasianus
935 2196 1021 2231 rerum
1030 2182 1202 2247 experientia,

90 2259 254 2310 Britanniam
266 2274 297 2309 ac
309 2259 431 2318 Galliam,
443 2268 471 2309 et
490 2260 516 2308 iu
528 2259 628 2310 Gracia
666 2271 714 2306 usu
732 2258 894 2306 exercituum
911 2259 1094 2320 rcgcudorum,
1105 2258 1203 2320 ingenii

92 2341 133 2384 ast
144 2333 264 2394 lllrcrrrtns.
297 2335 398 2385 Plinius
411 2341 496 2384 autern
508 2337 582 2400 ponit
593 2337 629 2385 in·
666 2333 817 2394 acrimonia,
826 2334 933 2396 egregie
943 2333 1045 2396 doctus,
1056 2333 1089 2382 ad
1107 2334 1201 2397 guber·

93 2417 135 2460 ter
145 2410 308 2476 Hybsrniam
321 2426 352 2461 ac
364 2413 536 2474 Britanniam,
551 2413 629 2463 hodia
665 2409 757 2458 nacula
768 2409 871 2471 imperii
887 2408 974 2458 multis
991 2409 1131 2458 amicorum
1141 2410 1201 2459 bor·

96 2488 166 2538 Uitia.
201 2488 266 2536 Cum
283 2495 370 2537 autem
378 2488 488 2538 Romani
500 2496 577 2537 antea
585 2489 629 2538 laa-
666 2483 765 2534 tatibus
776 2491 920 2547 permotus,
929 2484 974 2533 vix
993 2484 1100 2533 tandem
1119 2484 1201 2536 venit.

91 2562 629 2628 buoriotoattiamamiralmumminin
665 2557 827 2609 Versabatur
853 2566 915 2608 ante
938 2561 1027 2609 ocrim
1049 2559 1205 2631 Germanici·

94 2639 225 2703 quomodo
251 2639 321 2687 ittam
348 2637 457 2688 insulam
477 2653 529 2688 ῃοῃ
548 2639 628 2690 habu.
665 2635 799 2684 exereitus
813 2634 900 2698 robur,
918 2644 1006 2686 notum
1019 2636 1074 2685 viro
1085 2635 1200 2688 militari.

89 2715 169 2764 erint.
208 2713 286 2764 Unde
312 2727 364 2762 nou
390 2714 517 2762 immerito
545 2715 629 2765 lector
667 2710 731 2759 Suaa
750 2711 865 2775 legiones
876 2711 946 2760 cirili
956 2711 1027 2761 bello
1040 2712 1200 2778 inexpertas,

90 2791 231 2854 dubitabit,
258 2791 312 2841 utri
336 2791 431 2855 potius,
447 2789 567 2841 Plinions
595 2807 628 2842 an
666 2787 769 2837 Vitellii
780 2787 908 2850 victrices,
924 2793 952 2836 et
964 2787 1033 2851 apud
1046 2787 1130 2838 victos
1141 2789 1198 2854 plus

90 2866 239 2917 Ptolemaeo
257 2866 369 2929 inhujus
388 2865 478 2915 insulae
498 2865 628 2930 positione
666 2863 884 2929 querimoniarum
900 2877 977 2928 quam
988 2863 1092 2927 virium,
1102 2861 1200 2916 iluxarn

91 2942 247 2992 subscribet.
282 2942 353 2991 Glar.
666 2937 867 3002 perdiacordias
877 2939 988 2989 militum
999 2937 1201 3004 iidem,etperi·

129 3018 241 3084 Vectem]
255 3019 350 3069 Vectem
359 3017 550 3069 vocatSncton.
559 3019 629 3072 Glcr.
666 3016 753 3064 culum
764 3029 798 3064 ex
814 3015 929 3078 singulis.
962 3017 1030 3069 Quae
1040 3030 1099 3065 cum
1113 3019 1200 3068 omnia

92 3093 186 3155 atam
207 3095 315 3145 Puanio
337 3101 384 3145 eat.
423 3095 517 3144 Utrum
540 3103 629 3145 autem
666 3091 844 3154 perpenderet
864 3091 949 3140 animo
970 3093 1082 3156 nutanti,
1103 3094 1200 3143 amico·

90 3173 203 3234 scribu,
213 3171 322 3236 perinde
342 3178 393 3235 ort,
413 3173 551 3223 Vectem
572 3174 629 3224 Ver.
665 3179 724 3214 rum
733 3167 930 3230 legatorumque
939 3167 1055 3228 vocibus,
1067 3169 1200 3232 praecipue

89 3255 150 3298 m,
183 3249 245 3299 vid,
263 3263 321 3314 qu„
332 3247 374 3298 hle
385 3248 466 3299 habet
477 3250 517 3300 ct,
529 3249 629 3300 omne.
666 3255 729 3291 roro
739 3242 853 3291 Matiani
868 3241 988 3291 orations
1007 3243 1147 3304 excitatus,
1158 3257 1200 3292 as·

89 3339 143 3376 rus.
173 3325 289 3390 Vertepls.
666 3319 778 3382 sumpsit
794 3319 940 3382 imperium,
958 3319 1028 3383 quod
1041 3319 1200 3383 egregiead·

123 3403 278 3465 Promissam]
309 3399 628 3466 Nondicitaquaparte
666 3395 832 3459 ministrasit,
843 3395 938 3459 atejus
951 3395 1094 3445 temmatls
1105 3395 1199 3446 clarius
1225 3409 1230 3420 ‘

85 3479 184 3542 jaceat.
215 3477 287 3525 Glcr.
665 3469 769 3520 initium
783 3467 1201 3535 fnerlt,qmmaliorrmnobltls

122 3555 155 3604 Ia
164 3551 276 3616 imperic]
286 3551 429 3617 Postquam
439 3551 524 3602 lactor
533 3559 573 3603 cst
583 3552 628 3602 im.
666 3547 787 3596 simorum
811 3547 949 3597 interitus:
977 3548 1082 3611 egregie
1108 3547 1199 3598 firmus

89 3636 206 3694 perator,
226 3629 297 3677 clar,
666 3622 789 3672 adversus
806 3623 944 3672 militarem
962 3624 1135 3691 largitionem,
1157 3639 1201 3701 so·⁴

121 3703 323 3754 Peeaaioetames
332 3702 494 3766 coidiorfait]
511 3703 628 3770 Suntqni
665 3711 716 3762 qna
726 3699 845 3749 exercitu
854 3699 971 3750 meliore.
997 3701 1068 3751 Glar.

88 3787 194 3846 putent,
212 3793 272 3828 eum
286 3779 443 3828 necessitate
455 3788 572 3830 coactum
593 3780 626 3830 ad
698 3775 836 3839 Btsilbtt'a]
852 3775 896 3825 lta
912 3785 1035 3828 tactust.
1048 3779 1113 3828 Etid.
1125 3779 1199 3829 Aldi-

88 3855 264 3922 colligendam
285 3855 431 3918 pecuniam,
456 3856 490 3905 ob
511 3856 627 3920 inopiam
665 3851 704 3900 nis
717 3851 923 3902 aeJuntiuaalii
938 3853 1063 3915 legerunt
1080 3853 1201 3903 Lcsltctis

89 3933 182 3995 ancil,
194 3931 227 3981 de
240 3945 292 3996 quo
310 3931 385 3980 initio
406 3931 565 3996 principatus
577 3939 628 3984 tes·
666 3939 730 3976 verb
742 3926 826 3976 codd·
840 3927 906 3976 Mtt-
924 3929 977 3978 1¹0·
992 3930 1082 3979 Leidd.
1102 3945 1200 3995 omnes,
1288 3923 1292 3928 ’

88 4011 204 4063 tilicutua
213 4016 267 4073 est,
279 4007 628 4074 professusquadringentics
667 4003 694 4053 S.
706 4005 746 4053 Μ.
761 4003 792 4053 Β.
810 4003 841 4053 L
857 4003 891 4055 G.
912 4014 940 4054 et
959 4006 1019 4056 edd.
1037 4007 1147 4058 Schouh.
1167 4014 1199 4057 ae

87 4091 180 4141 millies
193 4101 261 4152 opus
279 4099 346 4147 esse,
366 4091 396 4134 ut
413 4085 541 4148 Respubl.
558 4095 628 4137 stare
647 4075 734 4132 'Men
750 4096 860 4147 quorum
878 4083 1018 4134 auctoritas
1033 4085 1091 4148 plns
1102 4084 1201 4148 ponde-

87 4176 184 4234 poasct.
219 4163 309 4230 quue
325 4161 406 4212 etiam
417 4161 581 4213 verisimilius
591 4163 629 4214 al·
666 4158 702 4210 ris
714 4158 832 4226 adponit,
841 4159 971 4226 undejam
982 4163 1023 4213 cl.
1034 4175 1083 4212 ran
1094 4161 1199 4228 Horon,
