2809 4684
160 213 163 221 ’
197 231 220 298 2
653 245 850 297 urrerem.

195 394 230 455 et
252 389 378 472 ingenii
398 389 447 454 tui
461 388 624 465 celeritas,
639 391 764 472 quippe
780 389 859 452 dum
874 387 990 453 altiora
1003 389 1106 470 petis,
1121 387 1302 454 humiliora

195 492 263 558 ista
287 493 356 555 cito
383 491 576 573 pervolasti.
623 490 744 574 Neque
759 497 868 554 tamen
892 510 936 554 ea
957 491 1082 564 omnia,
1097 492 1303 572 qualiacum-

195 611 261 675 que
278 594 354 670 sint,
371 592 499 674 perdita
514 593 615 669 duco,
633 592 783 684 Danuui
795 610 840 656 rs
855 593 1126 656 Sssuunrssrun.
1162 591 1303 656 Eveniet

196 701 330 776 tempus
357 693 452 769 illud,
478 713 553 756 cum
576 711 618 756 ea
640 713 735 756 usum
763 694 908 775 aliquem
932 703 1090 775 praestent
1120 691 1230 772 aegro
1248 693 1304 756 ln·

196 793 291 871 fanti,
318 796 376 878 qui
398 793 597 858 Victorum
625 793 749 857 Matris
782 813 802 856 e
828 793 951 876 gremio
982 804 1108 856 tenuras
1135 797 1305 876 porrigens

197 914 328 973 manue,
353 895 395 958 ad
423 894 473 958 Te
499 895 596 959 dulce
620 897 692 959 risit
717 896 911 958 semihiante
933 895 1080 973 labello;
1102 895 1231 971 divino,
1258 896 1308 958 iu·

197 1017 308 1080 quam,
331 997 382 1059 illi
398 1017 514 1078 puero,
531 1018 639 1080 quem,
652 1003 691 1060 ut
707 999 787 1060 olim
802 999 862 1060 tibi
880 995 982 1060 Musa
996 1005 1108 1060 nostra
1123 997 1259 1073 cecinit,
1284 1015 1305 1060 e

196 1097 360 1162 thesauris
382 1101 454 1162 suis
476 1099 594 1164 eduxit
610 1097 706 1162 Dens
722 1097 880 1180 Optimus
897 1097 1081 1174 Maximus,
1096 1106 1133 1160 ut
1149 1097 1307 1162 ostendat

196 1217 234 1260 se
260 1200 348 1279 genti
372 1197 550 1262 Borboniae
577 1217 639 1261 nec
666 1205 772 1260 metas
798 1217 905 1260 rerum
925 1217 989 1261 nec
1005 1203 1153 1281 tempore
1169 1218 1306 1281 ponere.

200 1297 321 1363 Omnia
333 1301 490 1363 virtutum
507 1301 636 1362 semina
648 1299 831 1362 Borboniis
846 1301 1086 1380 ingenerantur,
1100 1300 1305 1364 narremur

199 1399 472 1477 Sunnnlssruu,
499 1401 558 1463 sod
575 1420 616 1464 ea
631 1403 731 1464 rectis
746 1402 891 1464 cultibus
908 1408 944 1464 et
958 1401 1111 1482 augenda
1135 1413 1169 1464 et
1194 1421 1306 1466 corro-

196 1499 362 1565 boranda:
380 1521 484 1585 qnare
497 1501 620 1580 Musae,
632 1501 825 1585 junctaeque
839 1501 949 1565 Musis
964 1501 1105 1578 Gratiae,
1122 1523 1143 1566 a
1157 1502 1207 1565 Te
1223 1501 1306 1566 illud

199 1606 389 1683 expectant,
402 1609 440 1666 ut
455 1601 580 1666 almum
599 1609 693 1666 tuum
717 1602 919 1684 Burgundiee
939 1601 1066 1666 Ducem
1086 1604 1136 1666 eis
1159 1603 1306 1669 educan-

200 1699 280 1763 dum
305 1699 456 1777 mandes,
472 1701 591 1779 donec,
615 1709 796 1784 postquam
818 1723 930 1765 earum
957 1723 1023 1786 ope
1047 1704 1162 1768 felices
1187 1711 1306 1770 auctns

201 1802 339 1884 ceperit,
354 1807 425 1865 tute
439 1822 516 1866 cum
532 1803 697 1884 exemplis
711 1807 775 1867 tuis
794 1805 954 1881 instruas,
969 1824 1147 1888 veramque
1174 1807 1306 1870 virtutis

199 1903 289 1965 viam
303 1900 459 1981 edoceas,
475 1923 543 1987 qua
558 1909 591 1967 et
604 1903 655 1966 Te
678 1909 714 1967 et
728 1902 841 1968 Arum
857 1924 952 1970 suum
969 1907 1139 1988 sequendo
1158 1908 1201 1970 ad
1216 1927 1306 1971 sum·

199 2020 291 2066 mum
306 2001 421 2082 gloriae
437 2003 603 2084 fastigium
619 2003 785 2068 evehatur.
832 2005 935 2068 Faxit
946 2005 1053 2083 Deus,
1067 2014 1103 2070 ut
1116 2028 1180 2071 uon
1197 2009 1307 2073 solum

198 2103 278 2168 Tibi
293 2109 326 2166 et
337 2101 568 2169 Invictissimo
580 2103 658 2169 Avo
675 2125 739 2170 suo
755 2107 875 2171 similis
891 2108 947 2184 sit,
960 2108 1019 2170 scd
1034 2111 1136 2172 etiam
1152 2115 1188 2173 ut
1197 2109 1307 2173 Vobis

201 2203 344 2273 similem
365 2205 555 2286 progeniem
572 2205 638 2281 det,
666 2206 727 2283 ita,
749 2206 827 2268 dum
848 2207 988 2290 reliquae
1014 2229 1126 2272 omues
1143 2209 1307 2274 Nationes

199 2303 371 2370 hominum
393 2307 556 2388 imperata
579 2306 691 2372 iacere
715 2306 927 2386 videbuntur,
953 2311 1017 2373 soli
1031 2311 1219 2375 Galliarum
1245 2333 1307 2398 po·

200 2405 284 2488 puli,
309 2425 346 2472 se
372 2426 437 2470 non
463 2406 655 2474 hominibus
691 2429 820 2492 parere,
858 2410 918 2496 secl
942 2411 1030 2473 veris
1056 2411 1220 2494 Regibus,
1248 2415 1306 2498 qui

201 2507 313 2572 Deam
326 2507 362 2570 in
376 2506 472 2570 terris
486 2507 664 2588 imitentur,
679 2513 908 2595 obtemperare
930 2516 965 2576 et
980 2511 1168 2578 fatebuntur
1182 2521 1216 2580 et
1230 2534 1306 2584 seu·

200 2609 292 2672 fient.
335 2603 435 2684 Vale,
450 2607 656 2702 Dnurrrrun
672 2611 946 2692 searmssrnr,
961 2617 997 2684 et
1010 2613 1099 2682 rire.

266 2756 370 2808 wate
383 2756 528 2832 renuam
544 2757 628 2814 risun

330 2837 457 2894 aaran.
474 2841 550 2894 1082·
