2809 4684
220 259 264 324 14
640 272 689 320 nn
714 271 902 322 nurnoero

220 416 337 483 toriois
366 413 500 492 dicitur,
525 413 574 479 uti
600 432 621 477 a
644 411 774 478 Latinis
799 414 1041 497 posterioribus
1058 411 1324 498 sapientissimae*

222 518 391 584 Praeterea
403 535 483 580 vero
496 516 596 580 etiam
612 515 670 578 alii
680 514 877 598 Eutropium
887 521 1033 578 nostrum
1048 515 1101 578 vei
1116 515 1325 598 simpliciter,

219 621 274 684 rel
289 619 423 702 adjecta
432 617 583 681 historiae
598 623 632 680 et
644 617 844 680 narrationis
859 613 1036 698 cujusdam
1049 617 1218 680 notatione
1234 636 1326 682 oom-

219 729 414 799 memorant‚
446 741 466 784 e
503 720 623 804 quibus
655 719 768 782 indico
797 715 944 794 Bedam‚¹
973 715 1216 794 Fiodoardum,j
1239 717 1326 782 Iao·

218 843 294 890 nem
328 817 544 898 Ostiensem*
583 819 823 903 Geographum
857 815 1114 892 Ravennatem)
1156 816 1326 882 Joaunem

220 925 521 990 Sarisberiensemm
544 929 579 985 et
594 928 766 984 auctorem
786 919 944 982 Chronici
960 918 1116 997 Belpioi.¹¹
1160 920 1210 982 Iis
1224 920 1325 983 torsi·

218 1033 275 1092 tan
287 1026 423 1110 adjungi
438 1031 553 1107 potest
567 1021 784 1104 Stephanus,⁰
798 1020 868 1103 qui,
883 1025 921 1083 ut
936 1017 1169 1102 Carthaginem
1181 1020 1327 1083 etiamin

218 1127 377 1192 Armenia
399 1127 505 1190 fuisse
528 1126 656 1208 probet,
681 1121 877 1205 Eutropium
893 1129 1008 1186 testem
1022 1121 1186 1205 producit.
1233 1121 1326 1186 Nam

217 1230 295 1295 licet
309 1231 342 1293 id
358 1247 523 1314 nusquam
546 1227 635 1310 apud
660 1225 860 1308 Eutropium
881 1231 1030 1289 nostrum
1050 1225 1248 1301 inveniatur,
1273 1244 1325 1288 ro·

219 1333 348 1414 spicere
372 1339 480 1396 tamen
505 1329 632 1394 videtur
654 1329 765 1392 locum
783 1327 903 1403 illum,¹’
925 1326 959 1388 in
982 1345 1050 1407 quo
1076 1325 1207 1390 Cottum
1229 1327 1325 1410 apud

218 1431 464 1496 chalcedonem
482 1431 608 1494 victum
623 1448 699 1492 esse
720 1435 841 1492 narrat.
887 1426 954 1490 Pro
976 1426 1187 1490 Chalcedone
1211 1433 1326 1492 autem

218 1531 379 1598 Paeonius
395 1536 428 1596 in
443 1531 569 1596 Codice
591 1551 654 1594 suo
675 1530 797 1610 legisse
819 1529 950 1592 videtur
972 1526 1152 1610 Carthago,
1168 1534 1227 1592 aut
1248 1528 1326 1611 ipse

218 1640 336 1717 postea
358 1639 534 1715 corruptus
556 1636 617 1695 est.
662 1631 718 1696 Ite
739 1633 827 1694 enim
850 1631 964 1694 locum
985 1631 1019 1693 in
1034 1631 1184 1693 versione
1199 1627 1325 1694 Codex

219 1734 352 1800 Paeunii
363 1733 516 1797 exhibet:
539 1732 590 1816 orph
602 1728 782 1816 Καρχηδόνος
795 1735 844 1806 τῆς
861 1731 904 1792 ἐπὶ
919 1741 959 1816 τῷ
973 1727 1121 1816 Βοσπόρῳ.
1144 1729 1258 1814 Atque
1271 1731 1325 1796 sic

132 1847 141 1864 ·
216 1835 336 1900 incidit
350 1837 383 1898 in
398 1835 496 1898 talem
512 1832 669 1898 Codicem
686 1831 887 1914 Stephanus,
902 1833 991 1916 quod
1005 1837 1040 1896 et
1054 1832 1098 1895 ad
1110 1851 1187 1895 oum
1201 1833 1325 1896 existi·

216 1943 287 2001 mat
312 1935 497 2000 Berkelins.
543 1933 662 2018 Neque
692 1939 801 1998 tamen
825 1955 886 2017 pro
910 1941 999 2000 certo
1022 1932 1173 1998 affirmari
1195 1938 1323 2016 potest,
1402 2004 1403 2011 χ

216 2037 304 2121 quod
324 2045 357 2102 et
372 2039 478 2102 innuit
492 2037 702 2120 Sylhurgius,
719 2055 764 2100 an
783 2033 981 2120 Eutropium
995 2042 1144 2100 nostrum
1157 2036 1212 2098 ille
1226 2035 1323 2098 intel·

214 2139 356 2212 lexerit,‘¹
371 2159 446 2202 cum
461 2159 501 2202 ne
516 2138 715 2220 sicquidem
729 2143 902 2220 appareat,
914 2140 973 2220 qui
985 2137 1150 2219 Bosphori
1164 2136 1261 2200 locus
1280 2134 1326 2202 ad

215 2237 408 2302 Armeniam
431 2241 527 2303 unice
552 2239 664 2304 referri
687 2242 807 2332 possit.
853 2238 969 2318 Quare
983 2242 1083 2304 etiam
1099 2237 1263 2302 Cellarius
1277 2258 1324 2304 ex

212 2337 344 2404 Latinis
366 2339 490 2405 Graeca
511 2339 555 2404 ad
579 2359 690 2405 veram
713 2342 875 2404 rationem
896 2341 1079 2419 revocavit,
1104 2345 1138 2406 et
1160 2341 1211 2406 sic
1233 2341 1323 2406 Bos·

212 2439 321 2524 phoro
335 2441 480 2510 Thracio
493 2440 707 2509 Chalcedona
716 2462 812 2509 suam
826 2443 1016 2510 vindicavit.

712 2641 823 2692 NOTAE

212 2745 364 2798 Suetonium
377 2765 402 2813 p.
414 2755 452 2801 la.
485 2752 641 2802 Pausaniam
658 2767 685 2816 p.
703 2757 744 2804 86.
786 2755 870 2804 danim
881 2756 1116 2820 Dardanorumque
1133 2753 1230 2804 mentio
1248 2754 1322 2805 nuda

210 2823 622 2891 huneqrridemadjectonornine
639 2831 746 2879 chrono-
785 2832 911 2896 injicitur,
933 2839 978 2882 aut
998 2833 1076 2881 alium
1100 2830 1202 2878 ridetur
1224 2829 1323 2878 intelli-

212 2900 311 2962 graphh
322 2901 390 2965 quod
407 2908 436 2951 et
456 2901 520 2952 fucit
535 2906 562 2953 in
585 2903 698 2967 Didymo
718 2919 744 2968 p.
786 2922 857 2970 gere,
874 2915 919 2957 aut
936 2915 1025 2957 noster
1046 2905 1170 2970 ejusmodi
1188 2906 1270 2954 etiam
1291 2905 1323 2953 ii·

210 2977 251 3024 ³⁸.
268 2975 409 3026 atinatiir.
443 2976 549 3028 Itahroc
562 2994 612 3028 vox
632 2981 745 3030 occurrit
785 2982 860 3038 bruta
871 2984 1035 3047 conseripsit.
1069 2981 1111 3034 Gi.
1123 2982 1201 3045 paulo
1213 2987 1275 3045 post
1286 2981 1322 3032 da

209 3049 236 3098 iu
248 3051 344 3100 Chron.
355 3052 447 3102 Paach.
464 3067 490 3117 p.
501 3058 541 3104 36.
554 3056 621 3104 Ven.
638 3061 666 3103 et
677 3056 744 3103 aliia.
784 3059 925 3122 Stephano.

242 3122 313 3175 hSic
333 3129 442 3178 Orestam
462 3130 678 3191 sapientissimum
700 3145 743 3180 ro-
816 3141 834 3166 ·
850 3135 882 3183 in
894 3133 1185 3198 Polycraticovrrr.21.

210 3206 254 3250 cat
273 3203 445 3266 Geographua
466 3204 697 3253 iterandorum).
715 3210 744 3253 et
815 3215 828 3241 ¹²
852 3209 882 3256 iu
918 3207 1024 3258 Piatorii
1061 3209 1196 3271 scriptorr.
1230 3223 1320 3260 rerum

210 3276 356 3328 aiihiaiioa.
784 3284 1131 3345 Gemran.'1'om.1rr.p.o.
1164 3285 1206 3334 Ex
1222 3286 1321 3336 Eutro-

244 3349 251 3383 ¹
267 3351 297 3401 In
310 3354 368 3402 hiat.
381 3355 480 3416 Angiic.
493 3353 535 3403 lib.
548 3368 566 3403 1.
579 3369 601 3403 c.
615 3360 654 3405 11.
783 3359 828 3422 pio
838 3359 906 3406 eninr
918 3360 989 3407 iocur
1000 3359 1036 3407 ihi
1048 3359 1186 3420 iudicatur,
1207 3362 1259 3409 etat
1270 3377 1320 3424 pro

238 3424 298 3476 iia
328 3429 390 3480 hiat.
419 3431 512 3480 eccles.
538 3431 675 3480 Rhomens.
697 3429 742 3480 lib.
782 3435 877 3484 lih.rx.
894 3432 1003 3482 affertur
1015 3433 1059 3480 iih.
1071 3446 1098 3482 x.
1116 3435 1153 3482 uti
1171 3433 1250 3484 hodie
1262 3439 1320 3486 rut-

210 3517 230 3554 1.
241 3519 264 3554 c.
275 3518 294 3555 1.
782 3524 815 3571 go
825 3511 900 3571 solet,
918 3517 988 3557 etex
1001 3511 1107 3558 Victore
1119 3511 1204 3558 aliena
1222 3510 1320 3562 adrnir-

240 3577 301 3630 ¹‘lu
334 3581 455 3632 chronico
490 3583 640 3632 monasterii
670 3583 743 3632 Cari·
782 3592 882 3634 centur.
916 3585 1213 3647 Naurpeinterpoiatum
1223 3587 1321 3637 Eutro-

208 3655 293 3704 uenais
306 3670 325 3705 1.
336 3660 376 3706 17.
535 3699 538 3708 .
781 3659 853 3722 pium
872 3658 964 3707 hahuit
983 3669 1074 3707 auctor
1095 3661 1216 3709 Chronici
1238 3662 1319 3726 iltius,

241 3729 309 3781 ¹rv.
335 3738 358 3780 5.
384 3734 427 3798 qui
453 3734 481 3784 iu
506 3733 648 3784 Dardaniae
665 3733 741 3786 ‘eom
781 3737 827 3798 qui
850 3737 945 3783 secolo
960 3740 997 3784 to.
1017 3736 1067 3783 scri
1087 3736 1130 3797 air,
1150 3737 1189 3785 uti
1202 3747 1319 3802 apparet

206 3809 391 3859 memoratione
423 3826 481 3860 eoru
510 3827 569 3861 cum
595 3813 740 3877 Porphyrio
781 3826 815 3860 ex
826 3812 882 3860 ioco
894 3812 981 3874 atiquo
994 3827 1019 3874 p.
1030 3814 1087 3860 4⁴9.
1097 3811 1140 3860 uhi
1153 3817 1318 3867 annualm.

207 3893 236 3932 et
256 3884 362 3934 Libauio
385 3887 538 3950 conjungit5
564 3903 627 3952 quoa
650 3889 691 3938 hic
711 3895 739 3937 et
780 3895 945 3936 memoratur.

207 3959 270 4008 aiibi
282 3959 307 4008 iu
320 3961 452 4020 regionum
467 3963 673 4026 descriptoribus
691 3979 738 4013 nu·
811 3969 824 3996 ⁰
841 3962 1075 4013 narraturam.
1092 3963 1231 4027 liumus.

205 4041 300 4086 marat.
333 4037 411 4090 Quod
430 4053 488 4088 cum
505 4053 537 4088 ex
558 4039 676 4102 Eutropii
688 4039 739 4088 his·
813 4047 881 4089 rvr.
898 4044 923 4090 a

206 4112 275 4162 toria
283 4111 343 4164 eiici
355 4126 407 4164 non
417 4115 509 4180 possit,
519 4115 545 4165 in
556 4131 605 4180 qua
617 4122 658 4164 ter
671 4117 739 4165 Dar·
812 4121 825 4158 ⁸
841 4111 884 4166 Cf.
892 4129 951 4180 qua
962 4114 1033 4164 dieta
1041 4121 1101 4168 suut
1110 4120 1163 4167 not.
1173 4119 1215 4166 62.
