2809 4684
190 280 256 356 5⁰2
385 281 388 287 ’
442 302 551 353 nora
576 297 780 351 ventorum
803 300 845 351 ru
870 294 1051 351 nuruorn
1111 289 1120 296 '

478 447 595 498 Caesares
612 442 743 496 doo'uori
760 444 808 495 snb
824 445 865 495 bis
881 446 1016 511 Augustis.

190 546 299 599 Seuerus
312 544 483 611 peritaliam.
500 545 553 595 Hic
596 544 755 595 Maximinus
779 544 878 595 Galerii
902 546 999 595 sororis
1029 539 1108 606 tilius,
1133 550 1163 595 ut
1195 544 1304 595 Orienti

191 626 320 678 occiditur
352 626 385 678 ab
413 626 556 689 Herculeo,
599 633 736 689 praeesset,
757 625 970 675 crastnscaesar.
1004 625 1117 679 Quidam
1140 626 1216 675 aiunt
1233 626 1304 675 bunc

193 704 291 769 Rornae,
319 706 388 757 intra
404 706 554 757 Tabernas:
599 706 671 754 'l'arui
694 713 835 763 mortuum,
852 712 881 753 ut
893 704 954 753 Sex.
971 704 1061 755 Aurel.
1095 704 1147 754 Alii
1158 701 1304 755 siunteur'n

193 785 231 835 ait
241 784 337 837 Sextus
349 786 481 837 Aurelius.
602 799 697 834 casum
722 784 854 835 abiciuio.
887 784 1064 836 Quadriennio
1076 786 1174 847 Cesar,
1192 783 1306 834 triennio

602 864 738 927 Angustus
751 862 812 927 luit,
828 864 1012 915 immanissima
1022 865 1117 915 bellus.
1146 909 1151 919 ,

381 1012 435 1063 ΑΙίἰ
446 1013 506 1063 nori
518 1012 636 1065 eostre·
648 1019 709 1078 post
720 1012 868 1063 Constantii
879 1012 993 1077 Augusti
1004 1019 1123 1062 mortem.

193 1106 382 1161 Constantinus
404 1111 431 1161 in
459 1112 565 1163 Britan·
610 1113 762 1163 Maxentius
796 1113 885 1161 mma
914 1126 930 1161 a
972 1107 1235 1165 LiciniusaGalerio
1250 1106 1305 1156 lae·

87 1208 91 1215 ·
192 1191 244 1252 nis,
262 1191 288 1241 in
307 1190 392 1241 loanm
410 1194 492 1256 patris
509 1192 563 1244 ian-
607 1194 773 1259 praetorianis
802 1192 930 1243 militibus
973 1190 1241 1253 tusAagustnsmv.
1259 1202 1306 1237 ars-

188 1276 235 1321 tns
248 1270 402 1336 Imperator.
609 1275 701 1339 quinto
711 1274 878 1325 Constantini
886 1287 931 1323 an·
971 1272 1011 1323 sris
1039 1272 1068 1321 irs
1098 1269 1210 1334 imperio
1237 1266 1306 1317 falt:

607 1370 641 1405 rso
664 1354 734 1406 ballo
754 1361 848 1405 aontrs
868 1370 927 1405 eum
969 1366 1074 1415 suarna,
1086 1350 1306 1409 libidinosns‚ss·

608 1445 680 1488 moto
710 1438 801 1489 Romae
830 1436 927 1488 occidi·
970 1449 1028 1499 per,
1048 1432 1196 1497 impatiens,
1219 1428 1305 1479 literis

606 1522 656 1566 tur.
968 1514 1085 1565 infestus.

536 1686 541 1695 -
616 1656 670 1707 Alii
683 1658 745 1708 nori
762 1658 890 1709 Caesares.

196 1750 345 1800 Alexander
367 1750 457 1815 Phryx
479 1751 504 1800 in
528 1748 629 1815 Africa,
639 1752 708 1816 apud
719 1753 914 1817 Carthaginem,
966 1753 1062 1803 Valens
1074 1751 1201 1802 aliciuio
1212 1764 1305 1800 canus.

200 1847 214 1880 a
227 1832 392 1883 Constantini
403 1832 523 1883 exercitu
538 1847 627 1883 nasus.
971 1833 1042 1883 Glar.

229 1960 334 2023 Galliot]
358 1961 412 2010 Pro
437 1960 553 2023 Gallinas,
576 1959 615 2010 uti
638 1964 679 2009 est
700 1960 728 2008 in
768 1959 880 2009 virtutes
892 1972 952 2022 esp.
965 1964 1004 2009 ld.
1023 1958 1094 2009 Glar.

194 2034 242 2085 Ed.
255 2036 441 2101 Hareroampi,
460 2036 578 2101 aliisque,
598 2050 630 2084 ax
644 2035 728 2085 Codd.
798 2035 843 2084 l'tr
850 2031 1304 2097 egregiuetnroeatmtissiaraswon·

194 2111 257 2162 Mss.
267 2112 293 2163 S.
304 2114 335 2162 B.
348 2114 382 2163 G.
394 2112 430 2163 N.
441 2113 493 2162 bc.
507 2114 538 2162 t..
551 2112 616 2162 HM.
636 2111 728 2161 Leidd.
768 2111 866 2161 stantio
885 2116 994 2173 mortuo,
1009 2109 1083 2159 multi
1103 2109 1231 2157 tumultus
1249 2108 1306 2157 ubi·

195 2193 218 2237 l.
231 2192 255 2237 2.
267 2194 291 2237 d.
308 2194 336 2238 et
355 2188 423 2237 Edd.
445 2188 544 2237 Aldlnis
563 2204 593 2238 ao
610 2187 728 2240 Jnntiua.
770 2202 821 2252 qne
833 2188 1002 2251 pullularunt.
1019 2184 1249 2235 lnBritanniaaiu
1260 2198 1306 2247 ps·
1374 2232 1380 2237 .

196 2264 309 2327 praetuli.
327 2264 367 2312 Cl.
383 2276 547 2327 quoquam
561 2264 655 2313 Mosen
673 2263 729 2327 plu·
770 2265 816 2313 tris
838 2263 986 2313 Constantii
1008 2264 1094 2312 locum
1115 2261 1304 2311 mannam

194 2340 419 2388 ralemnnmarum
432 2338 512 2388 dedit.
539 2337 730 2400 otomanus
769 2340 1035 2402 creaturimperator,
1050 2338 1141 2387 &mae
1153 2336 1306 2385 Maxentius

194 2423 236 2465 est
266 2415 293 2465 in
324 2414 387 2465 (lod.
407 2415 480 2464 Laid.
509 2419 533 2464 1.
565 2414 617 2476 lagi
648 2414 729 2465 etiarn
769 2428 785 2463 a
818 2414 989 2465 Praetoriauis
1030 2413 1172 2464 militibus:
1213 2411 1305 2461 mem

196 2504 306 2555 nasama
320 2490 404 2541 Plinio
416 2498 444 2540 et
452 2490 547 2541 Tacito
559 2497 632 2541 recte
643 2497 730 2541 oetan·
769 2498 887 2556 tempora
914 2501 943 2542 et
960 2492 1134 2543 Maximianus
1155 2490 1306 2539 lterculeua

194 2568 283 2619 ditCt.
296 2568 449 2618 Gruuarus:
467 2582 544 2631 quem
562 2566 636 2617 ride.
659 2568 729 2619 Veris.
770 2582 844 2633 spem
875 2566 1048 2632 recuperandi
1092 2567 1166 2630 regni
1206 2573 1307 2615 temere

226 2644 334 2709 Sumptis
348 2642 437 2693 duobus
457 2642 603 2706 Coemddus]
621 2643 730 2693 Hisunt
769 2644 895 2707 suscepit,
912 2649 942 2693 ut
961 2650 1052 2707 postes
1069 2641 1229 2691 narrabitur.
1262 2642 1306 2689 Se·

192 2720 304 2769 Severus
314 2718 481 2778 Maximinus,
493 2718 561 2769 titius
573 2720 668 2769 sororis
676 2720 731 2770 Ga·
771 2734 831 2769 sero
865 2728 976 2782 mortuo,
1014 2719 1136 2770 Galerius
1172 2718 1304 2767 licinium

194 2794 250 2843 lerii
262 2793 425 2844 Maximiani.
451 2794 491 2843 Ex
502 2794 551 2844 boc
563 2800 651 2845 antam
663 2796 731 2858 loco,
768 2796 874 2860 imperii
896 2802 1046 2846 consortem
1067 2794 1117 2844 sibi
1145 2794 1303 2857 assumpsit:

192 2876 222 2919 at
233 2868 289 2919 aliis
300 2869 408 2933 aliquot,
423 2868 512 2918 vidore
523 2870 596 2933 licet,
612 2869 657 2918 ilia
668 2876 731 2919 tom·
769 2871 815 2921 sed
837 2873 916 2936 paulo
946 2878 1007 2936 post
1033 2878 1062 2921 et
1093 2871 1152 2935 ipse
1182 2870 1304 2920 Galerius

194 2950 299 3007 pearata
310 2944 372 3008 quid
382 2942 512 3003 distarent
521 2942 632 3008 Augusti
645 2960 660 2993 a
671 2946 728 2995 ca·
769 2949 884 3000 moritur.
913 2950 1105 3013 Relinquantur
1115 2947 1142 2996 in
1154 2948 1269 3011 imperio
1279 2947 1305 2996 bi

194 3019 304 3071 susibus.
325 3020 405 3071 Viust.
769 3032 889 3090 quatuor.
926 3025 1077 3075 Maxentius
1108 3024 1214 3085 Roma,
1238 3023 1305 3073 ltet-

228 3096 381 3145 Constantius
399 3100 488 3155 tamnu,
507 3100 629 3146 maestus
649 3098 729 3160 digai·
769 3102 827 3149 nius
841 3103 868 3150 in
887 3102 1002 3165 illyrico,
1019 3100 1178 3151 Maximinus
1197 3100 1227 3149 in
1245 3099 1305 3150 Ori·

193 3181 254 3245 tata]
272 3181 440 3231 Constantius
456 3182 566 3232 Chlorus
579 3182 666 3234 dictus
678 3190 729 3245 est,
768 3183 840 3239 ente,
852 3177 1037 3227 Consumtinua
1047 3176 1074 3225 in
1082 3174 1251 3224 occidentes
1262 3173 1306 3223 td·

193 3258 266 3322 quasi
278 3258 404 3309 virentem
417 3273 433 3307 a
444 3259 531 3309 colora
546 3260 626 3310 dloas.
659 3266 727 3309 xlta-
765 3254 827 3317 jicit
844 3254 939 3303 Sextus
951 3252 1073 3303 Aurelius
1091 3251 1158 3301 duos
1178 3252 1304 3317 reliquos,

192 3332 232 3395 pls
251 3348 299 3397 pro
319 3333 428 3397 χλωρὸς,
444 3334 540 3399 ninom,
558 3336 670 3399 pultem
691 3338 727 3386 ιι.
768 3327 947 3379 Alexandrum
958 3329 1117 3393 Cartbagine
1127 3329 1154 3377 iu
1163 3326 1267 3392 Africa,
1276 3338 1305 3379 st

193 3414 255 3470 teus,
271 3424 372 3459 nomas.
407 3411 472 3459 Cura
484 3418 595 3475 quatuor
608 3414 725 3477 regiona
768 3404 907 3455 Valentem
938 3405 1078 3470 quendam,
1106 3403 1152 3467 qul
1174 3419 1237 3453 mox
1257 3418 1304 3467 op·

194 3490 265 3535 sorte
275 3485 422 3548 accepisset
431 3486 567 3551 regendas,
577 3486 725 3551 Hispanias,
767 3484 850 3547 pressi
871 3490 933 3533 sunt
952 3498 967 3531 a
988 3483 1103 3533 Licinio:
1122 3482 1278 3531 Maxentius
1289 3496 1306 3530 a

194 3558 303 3621 Gallias,
320 3561 477 3624 tollamne
496 3560 622 3625 Africam,
642 3572 727 3628 poste·
767 3561 947 3623 Coosmutino,
963 3560 1121 3610 Maximinus
1141 3559 1207 3609 itera
1223 3573 1241 3607 ι
1260 3558 1302 3608 li·

193 3636 273 3685 riores
295 3636 358 3687 durs
379 3652 430 3688 non
451 3639 576 3703 surrepit,
593 3640 662 3704 quod
681 3655 727 3691 ex·
766 3637 836 3687 elnio
847 3635 969 3700 auspiciis
980 3634 1154 3685 Consmntini.
1176 3633 1303 3697 Denique

193 3711 323 3762 istimarst
339 3714 372 3763 ab
390 3727 441 3763 uno
453 3720 554 3763 tanturn
567 3728 631 3763 onus
650 3716 727 3766 sasti-
766 3714 871 3766 ultimus
882 3714 940 3778 ipse
951 3711 1066 3762 bioinius
1083 3725 1101 3759 a
1119 3710 1304 3759 &astutiam

194 3787 410 3851 narinouposse:
422 3789 727 3854 scbristiauosanguiue
766 3794 810 3844 lta
827 3793 861 3843 ad
878 3794 960 3842 solum
978 3788 1178 3840 Consmtinruu
1196 3787 1304 3837 tande·

194 3863 335 3927 abstinens,
351 3866 419 3916 siout
439 3866 497 3929 ejus
517 3864 584 3915 filins
603 3866 727 3917 Comtau·
766 3869 901 3933 inperium
925 3864 1040 3929 deuenit,
1063 3872 1093 3913 et
1112 3861 1147 3911 ad
1166 3872 1223 3913 tres
1243 3863 1304 3927 ejus

196 3942 272 3992 liuns.
305 3943 370 3993 Cum
389 3948 475 3991 sutem
493 3941 611 3992 Africam
631 3958 661 3995 su
674 3946 728 3996 lta·
768 3943 845 3994 titios.
864 3944 934 3992 Glor.

192 4020 254 4069 liam
271 4018 730 4083 rsousassatCoustantinus,oreatm
802 4016 935 4080 Εςηῄω]
951 4016 1020 4066 Nara
1036 4013 1198 4076 mitimimns,
1217 4021 1247 4064 st
1261 4014 1303 4063 di-

195 4101 236 4144 aat
247 4096 365 4157 Saserns,
382 4094 426 4158 qui
438 4093 474 4142 eis
485 4100 616 4157 praeesset.
649 4096 729 4146 Ense·
770 4096 890 4144 ritisrum
902 4098 1016 4157 spretor,
1033 4091 1118 4156 inquit
1133 4091 1229 4155 Pomp.
1245 4092 1303 4141 la-

195 4167 253 4217 bius
272 4176 358 4219 antem
378 4170 424 4219 lib.
442 4182 503 4219 vrrs.
532 4170 728 4222 Ecclesiasticus
769 4171 918 4222 traillon·

194 4240 318 4309 mooun,
341 4247 435 4301 multu
460 4246 517 4310 etos
538 4254 725 4300 coummuu
804 4246 911 4297 noun·
927 4240 1118 4310 Mum]
1134 4242 1174 4293 tlt
1200 4240 1300 4293 armet
