2809 4684
542 257 625 308 css.
650 257 732 306 vrrs.
1147 247 1194 316 a>

100 403 247 486 expertus
262 406 326 467 est.
348 399 511 468 Proxime
525 402 614 466 enirn
629 401 738 485 aliqui
751 401 931 484 attigerunt
944 401 1101 488 Euhopii
1110 409 1194 475 tem,

98 521 184 585 pora,
206 503 354 587 quicum
373 501 596 581 reddiderunt,
612 521 674 569 nec
688 504 828 570 multum
848 505 923 589 ejus
936 512 1075 570 oetatem
1092 527 1193 574 exce·

97 603 180 681 dunt,
188 606 246 687 qui
262 605 432 670 versiones
443 605 664 684 coniecerunt,
675 607 713 670 iu
724 607 845 689 qmbus
857 613 969 672 tamen
980 609 1193 679 accessiones

96 705 195 770 iactes
210 727 283 770 esse
296 727 364 780 uon
379 713 500 772 temere
524 709 720 773 existimare
734 707 816 772 mihi
831 707 957 774 videor·
1000 708 1082 775 Sive
1102 712 1194 778 euim

95 805 261 886 Pacuius,
289 808 332 872 de
359 809 458 892 cujus
484 811 636 874 versione
656 810 852 874 accuratius
868 809 1024 892 judicare
1047 811 1141 891 licet,
1156 813 1193 883 iu

96 928 228 992 pravum
246 909 409 974 Codicum
432 910 590 974 incidisse
605 911 714 988 dicas,
738 911 812 974 sive
826 911 937 994 ipsum
952 913 1058 977 multa
1072 913 1193 996 depru-

94 1029 193 1086 vasse,
210 1010 301 1092 quod
328 1009 463 1093 quidem
487 1030 569 1074 vero
595 1018 647 1075 est
672 1012 832 1091 similius,
859 1018 948 1078 certe
972 1015 1192 1096 probabilius,

95 1111 223 1192 perinde
238 1112 273 1176 id
289 1113 480 1176 habendum
496 1117 559 1189 est,
575 1114 676 1176 immo
697 1113 791 1188 illud,
813 1115 975 1180 maturius
998 1115 1106 1180 factas
1117 1135 1192 1182 essa

94 1216 297 1289 memnones,
313 1212 464 1298 evincit„
495 1211 544 1276 At
558 1219 682 1278 sccutae
704 1220 783 1278 suut
805 1217 881 1280 aliae
906 1235 1023 1298 eaeque
1038 1217 1192 1301 majores.

95 1313 232 1392 Quarum
261 1315 396 1397 quidem
412 1315 619 1398 praecipuum
635 1325 808 1380 auctorem
821 1317 927 1381 fuisse
941 1317 1097 1382 Paullum
1110 1320 1194 1384 Dia·

94 1433 204 1480 conum
233 1416 379 1480 discitur
404 1437 447 1480 cx
470 1417 591 1480 diserto
614 1419 808 1482 testimonio
824 1419 949 1483 Leonis
964 1417 1151 1484 hlarsicani
1165 1440 1194 1485 s.

95 1513 250 1580 Ostieum‘s
282 1519 315 1580 in
336 1517 502 1582 Chronico
525 1517 724 1596 Casinensi,¹
755 1520 814 1584 ubi
844 1520 895 1584 sic
923 1520 966 1584 de
988 1539 1029 1584 eo
1055 1512 1204 1586 scribite
1240 1593 1249 1600 ,

94 1617 269 1702 ‘Ejusdem
286 1617 487 1701 Adelpergae
509 1619 594 1702 [filia
608 1621 682 1685 haec
698 1621 762 1684 suit
777 1621 943 1686 Desiderii
958 1621 1194 1704 Langobardo-

93 1739 157 1783 rum
170 1718 272 1802 rogis]
290 1727 408 1802 rogata
422 1723 455 1785 in
470 1721 610 1787 historia
624 1723 789 1802 Romana,
807 1743 908 1807 quam
923 1723 1105 1807 Eutropius
1119 1725 1193 1788 hre-

93 1824 167 1884 ritsr
180 1831 430 1905 composuerat,
446 1824 587 1906 plurima
599 1823 675 1886 hinc
687 1825 763 1888 inde
778 1825 821 1888 de
835 1825 1004 1890 historicis
1015 1826 1194 1891 ecclesias·

94 1920 159 1986 tisis
187 1923 329 1988 addidit.
373 1923 430 1986 Ad
458 1924 611 2016 ultimum
638 1944 717 1987 vero
738 1924 825 1988 duos
847 1924 982 1988 libellos
1002 1943 1024 1987 a
1038 1931 1192 2009 tempore

93 2021 211 2090 Juliani
235 2031 415 2109 apostatae,
436 2027 470 2088 iu
494 2046 593 2108 quem
615 2027 725 2110 ipsam
745 2026 918 2090 historiam
934 2011 1116 2110 Eutropius
1131 2033 1193 2092 ter·

93 2126 281 2205 minaverat,
307 2127 471 2210 usquead
489 2135 639 2210 tempora
661 2129 760 2210 primi
782 2126 965 2191 lastiniani
981 2127 1194 2211 imperatoris

92 2229 188 2292 eidem
214 2228 396 2294 annexuit!
440 2225 526 2306 Quae
552 2232 641 2294 enim
664 2237 743 2294 tuuc
767 2229 885 2294 inferta
906 2238 984 2296 sunt
1005 2238 1039 2296 et
1063 2238 1192 2312 assuta,

92 2331 209 2412 ignorat
235 2332 412 2410 Poenius,
427 2337 471 2410 et,
495 2334 525 2396 si
545 2352 614 2415 qua
627 2338 703 2416 post
724 2352 800 2396 eum
821 2331 954 2396 aliunde
968 2340 1193 2412 accesserunt,

93 2433 149 2498 etsi
163 2434 354 2516 singulatim
370 2435 512 2498 enarrari
528 2439 708 2516 nequeunt,
724 2433 898 2498 arbitrario
912 2440 1024 2497 tamen
1046 2433 1193 2512 diverso,-

92 2555 149 2616 que
159 2539 363 2619 privatorum
380 2535 491 2598 studio
505 2534 677 2611 debentur,
692 2555 769 2598 cum
784 2534 950 2598 Paulliuae
965 2534 1036 2600 illae
1047 2534 1194 2620 locuple·

92 2637 238 2714 hhuueS,
255 2657 344 2720 quas
358 2656 403 2700 ex
417 2637 518 2700 variis
534 2635 725 2700 aucurribus
739 2637 1040 2714 consarcinaverat,
1054 2637 1194 2719 publica

92 2740 179 2820 quasi
198 2739 401 2804 auctoritate
425 2739 626 2802 confirmatae
642 2746 677 2802 et
690 2737 892 2820 Adelpcrgae
906 2739 1039 2803 nomine
1053 2740 1192 2805 munita

91 2840 215 2905 fuerim.
262 2840 386 2922 Neque
416 2847 524 2906 tamen
551 2842 601 2904 sic
626 2841 753 2924 quievit
777 2840 919 2904 aliorum
938 2839 1028 2904 male
1041 2839 1194 2912 officiosa

92 2943 252 3020 sedulitas,
269 2941 330 3004 sed
347 2947 438 3006 tanto
459 2943 614 3026 exemplo
636 2944 788 3006 excitata
809 2961 930 3006 manus
950 2942 1064 3024 injecit
1078 2948 1110 3003 et
1123 2939 1194 3004 ulia

90 3043 204 3110 alludit.
252 3045 325 3123 Qui
351 3045 437 3108 euim
463 3043 623 3125 Eutropio
647 3044 726 3108 addi
742 3045 842 3125 vulgo
858 3044 965 3108 solent
981 3043 1091 3106 Paulli
1107 3042 1193 3106 Dia·

92 3149 157 3210 coni
170 3149 248 3212 libri
267 3164 354 3212 vrrr.
370 3146 412 3209 ad
433 3145 556 3210 Leonis
580 3145 688 3210 Isauri
713 3144 929 3211 iconomachi
949 3150 1100 3226 tempora
1114 3160 1193 3224 pro·

91 3245 254 3326 ducuntur,
286 3248 502 3332 quiquidem
527 3248 675 3330 regnavit
697 3249 741 3310 ab
769 3266 857 3310 auno
878 3247 954 3310 717.
967 3245 1010 3307 ad
1025 3245 1192 3310 mcum

91 3356 190 3414 museo
218 3351 366 3414 Paullus
390 3355 473 3412 teste
499 3349 621 3412 idoneo
638 3347 752 3412 Iocus
772 3347 967 3410 Marsicano
990 3365 1018 3407 s.
1042 3344 1193 3413 Ostiensi

91 3453 188 3532 prima
202 3459 332 3516 tantum
347 3451 369 3516 J
373 3451 528 3516 ustiuiani
542 3455 691 3532 tempora
706 3451 879 3531 attigisset.
924 3446 1038 3530 Atque
1057 3444 1092 3510 id
1112 3465 1192 3510 ccu-

90 3551 202 3631 firmat,
229 3563 355 3637 praeter
373 3553 549 3616 editionem
576 3550 699 3627 Viueti,
717 3549 870 3627 Merulae,
895 3556 929 3613 et
952 3547 1092 3612 aliorum
1113 3553 1194 3632 post

90 3653 348 3732 Schouhurrium,
365 3654 479 3720 Codex
496 3653 741 3720 Ambrosianus
760 3652 908 3735 optimos
920 3650 1073 3734 Eutropii
1090 3649 1193 3718 Paul,

90 3753 153 3834 lini,
180 3779 282 3842 quem
316 3757 360 3821 ad
394 3757 565 3821 historiam
594 3755 778 3819 miscellam
811 3752 952 3818 contulit
973 3751 1191 3829 Muratorius,

584 3963 694 4012 NOTAE

531 4108 541 4134 ·
558 4101 617 4152 Lib.
629 4115 651 4153 r.
665 4116 689 4152 e.
701 4105 743 4154 16.
