2809 4684
177 257 201 320 4
448 261 451 272 ’
603 272 653 320 nn
679 270 866 321 nurnorro

177 413 322 503 triremi
340 411 485 478 eustorio
501 417 614 495 voeat;
641 415 707 493 vel,
724 415 755 479 si
776 414 934 479 diversus
948 413 1013 479 fnit
1026 415 1071 480 ab
1085 414 1163 494 hoc,
1179 415 1287 501 digni-

178 525 279 586 tatem
301 525 411 584 tamen
433 517 665 601 Eutropiorum
687 519 819 600 probat.
864 517 1035 582 Posterior
1055 519 1206 582 maxima
1224 539 1287 601 po-
1396 506 1397 547 l

177 621 280 686 tentia
293 619 399 683 valuit
412 619 474 682 sub
490 616 648 695 Arcadio,
664 636 733 699 qua
751 617 897 701 quidem,
912 639 988 683 cum
1004 622 1148 703 superbe
1169 622 1287 684 abute-
1396 672 1397 685 r

177 727 278 798 retur,
302 720 433 786 tandem
448 720 598 802 dejectus
615 739 634 782 a
651 721 826 784 consulatu
842 726 877 784 et
891 721 1082 784 interfectus
1096 729 1170 785 est.e
1216 721 1289 785 Ne·
1396 718 1397 757 ³

180 845 246 908 que
267 823 302 886 in
329 823 410 886 viris
435 822 542 886 solum
566 822 675 904 viguit
698 823 763 885 hoc
786 841 916 900 nomen,
944 821 1004 886 sed
1026 829 1059 886 et
1080 825 1112 886 in
1139 823 1288 888 foeminis

179 925 392 992 nobilitatum
428 930 491 989 est.
537 925 616 988 Fuit
650 926 738 988 enim
770 925 933 1007 Eutropia
961 944 1047 989 uxor
1084 923 1289 988 Maximiani

182 1027 345 1103 Herculii,
368 1046 414 1090 ex
436 1045 503 1110 qua
525 1025 736 1090 Maxentium
759 1031 792 1088 et
810 1025 985 1104 Faustam,
1000 1025 1177 1108 conjugem
1200 1025 1289 1090 Gon·

182 1129 330 1205 stantini,
357 1129 517 1211 suscepit.
562 1125 675 1206 Quam
690 1147 767 1190 cum
783 1127 902 1209 Syram
917 1128 1088 1190 mulierem
1101 1133 1202 1190 vocet
1216 1123 1289 1190 An·

89 1215 91 1222 ⁴
181 1233 283 1298 relius
298 1231 442 1309 Victor,d
458 1249 528 1294 suae
544 1231 649 1312 gentis
663 1229 816 1292 homines
828 1228 906 1292 inde
921 1230 1145 1304 arcessivisse,
1162 1248 1290 1312 suaque

183 1334 288 1398 tutela
312 1339 346 1397 et
369 1353 434 1415 ope
450 1333 496 1396 ita
512 1331 713 1396 sustinuisse
736 1329 875 1408 videtur,
890 1334 927 1394 ut
941 1337 1063 1412 postea
1077 1330 1120 1392 ad
1141 1349 1290 1392 summos

181 1435 322 1500 honores
335 1435 552 1498 eveherentur.
610 1430 704 1494 Idem
719 1432 819 1493 etiam
833 1450 954 1493 nomon
965 1432 1068 1512 gessit
1082 1429 1291 1494 Constantini

182 1549 288 1612 soror,
312 1535 398 1598 unde
416 1533 654 1615 Nepotianum,
681 1533 739 1614 qui
761 1551 838 1595 cum
861 1532 1035 1614 imperium
1050 1531 1255 1614 arripuisset,
1269 1550 1291 1595 a

184 1636 393 1712 Marcellino,
420 1633 604 1717 Magnenlii
628 1633 726 1712 duce,
749 1633 939 1698 interiectos
961 1639 1026 1712 est,
1049 1634 1195 1718 genitum
1216 1651 1291 1698 esse

183 1739 281 1803 refert
295 1735 479 1804 Zosimus‘

645 1933 752 2000 cAP.
788 1935 838 2000 11.

413 2103 462 2151 DE
486 2103 665 2152 nonnosi!
691 2103 885 2154 lllssTOthll
908 2102 1065 2151 essm.

229 2216 290 2284 As
313 2239 359 2283 ex
383 2218 620 2302 Eutropiorum
641 2220 700 2285 illa
721 2228 818 2302 gente
839 2221 895 2284 hio
916 2225 1010 2286 ortus
1025 2220 1081 2298 sit,
1102 2218 1165 2284 etsi
1180 2239 1293 2286 avero

186 2340 252 2392 non
266 2321 365 2404 plane
380 2321 544 2400 abhorret,
560 2342 621 2406 pro
641 2328 734 2388 certo
757 2328 867 2386 tamen
891 2321 1046 2386 affirmari
1066 2321 1191 2405 nequit,
1214 2343 1294 2387 oum

187 2423 229 2488 de
250 2421 326 2506 ejus
341 2422 506 2486 natalibus
521 2427 554 2486 et
573 2423 683 2505 patria
702 2422 785 2487 nihil
797 2425 831 2488 in
845 2425 1063 2509 scriptoribus
1076 2431 1294 2488 memoratum

185 2523 324 2605 legatur.
369 2523 494 2588 Italum
515 2524 599 2589 iacit
624 2523 758 2590 Suidas.
803 2524 905 2604 Quod
929 2528 959 2590 si
984 2527 1128 2610 patriam
1151 2529 1294 2608 spectat,

185 2623 322 2688 minime
345 2623 539 2688 adversatur
563 2627 799 2710 superioribus,
822 2629 924 2692 immo
947 2627 1143 2710 Eutropiam
1164 2633 1295 2708 gentem

185 2723 221 2790 in
247 2723 351 2790 Italia
379 2725 571 2790 consedisse
602 2729 733 2810 probat.
786 2729 943 2794 Obtinoit
966 2729 1067 2794 etiam
1092 2729 1192 2810 vulgo
1219 2727 1295 2792 lraec

187 2826 315 2908 opinio,
338 2845 415 2910 quae
441 2833 551 2892 tamen
568 2829 700 2906 corruit,
722 2835 781 2893 ant
795 2837 885 2895 certe
906 2829 1139 2908 labefactatur,
1162 2829 1193 2892 si
1216 2847 1294 2892 cnm

189 2924 360 2992 Fabricio·
374 2927 527 3004 velimus,
540 2927 680 2992 Snidam
690 2929 727 2993 id
742 2931 878 2995 innuere
892 2932 1056 3008 voluisse,
1072 2931 1161 3015 quod
1177 2930 1296 2994 Latine

187 3026 362 3110 scripserit
376 3026 570 3111 Eutropius.
615 3028 738 3095 Galliae
761 3052 838 3096 eum
851 3033 1021 3096 vindicare
1034 3038 1200 3098 tentarunt
1216 3051 1297 3095 auo·

186 3132 274 3192 tores
296 3129 441 3194 historiae
467 3128 621 3194 literariae
652 3129 974 3196 Gens-Francicae.¹³
1018 3133 1150 3215 Nempe
1165 3136 1295 3214 putant,

188 3229 329 3294 modern
344 3249 433 3308 esse,
447 3229 492 3295 ad
507 3251 607 3314 quem
622 3231 856 3316 Symmachusc
873 3233 1005 3316 aliquas
1020 3233 1181 3316 epistolas
1191 3233 1298 3317 scrip-

687 3447 795 3500 Now

225 3569 314 3620 ⁰Vid.
326 3569 359 3620 de
378 3585 410 3622 eo
429 3571 473 3623 Jo.
496 3571 676 3623 Antiochenns
695 3575 723 3624 in
795 3583 808 3610 ⁸
825 3576 854 3627 C.
864 3577 884 3627 1.
896 3575 1016 3625 Fabricio
1027 3575 1170 3626 assentitur
1180 3575 1300 3641 verhey-

190 3646 322 3710 excerptis
341 3647 515 3698 Peirescisnis
535 3663 563 3713 p.
580 3653 636 3700 sla.
655 3651 723 3700 unde
762 3653 821 3704 kius
833 3653 859 3702 in
871 3651 975 3717 prrefat.
987 3653 1019 3701 ad
1031 3653 1141 3715 Eutrop.
1153 3667 1179 3715 p.
1190 3655 1232 3701 29.

190 3736 236 3772 sun
245 3721 320 3772 duxit
329 3723 433 3786 Suldas,
445 3725 533 3790 et‚qui
546 3726 621 3790 plura
630 3727 724 3776 attole·
795 3727 807 3762 ὓ
824 3728 853 3779 C.
865 3729 882 3777 l.
895 3729 934 3778 nn
946 3728 1047 3777 verbis:
1061 3729 1177 3790 Eutrope
1188 3727 1299 3778 ttoitds

190 3804 259 3860 runt,
276 3797 394 3848 Zosimus
407 3813 434 3849 r.
446 3803 469 3850 t.
481 3815 521 3865 sq.
541 3808 567 3852 et
579 3802 722 3853 Philostor·
763 3803 847 3854 mtme
867 3805 935 3868 pals,
956 3819 1005 3868 qne
1022 3804 1079 3854 Iule
1093 3804 1216 3865 Ausone;
1233 3805 1300 3855 c’est

188 3873 246 3938 gius
258 3887 297 3925 ιι.
316 3879 341 3925 s.
354 3890 393 3941 sq.
426 3876 546 3927 Innotult
564 3880 646 3943 magis
667 3895 723 3929 car·
764 3879 850 3930 ddire'
860 3881 893 3930 de
907 3879 1062 3929 Bonrdesnrr
1082 3893 1116 3928 on
1133 3881 1167 3929 de
1186 3883 1300 3946 quelque

188 3951 269 4016 mine,
290 3952 360 4018 quod
371 3953 398 4002 in
410 3967 469 4004 enm
480 3955 586 4020 scripsit
604 3955 724 4008 Claudia·
765 3964 839 4005 autre
850 3957 955 4006 endroit
966 3954 1136 4022 d'llqnitaine
1147 3957 1183 4008 dn
1194 3957 1253 4009 care
1265 3958 1299 4008 ds

189 4041 246 4078 nus.
764 4031 854 4080 Boas.

222 4101 235 4210 ἶ
250 4102 283 4151 In
291 4101 360 4231 pplt.
372 4117 418 4156 ιι..
431 4107 471 4156 1².
797 4125 809 4153 0
824 4120 885 4170 vid.
896 4134 940 4172 ur.
951 4125 994 4186 46,
1003 4123 1044 4172 tt.

250 4191 282 4230 ιι.
326 4213 333 4230 .
