2809 4684
217 257 260 326 1s
502 327 506 334 ,
638 279 899 329 ιιι·ιιιιιιοι>ιο

215 415 306 486 t'asse
318 411 456 498 videtur,
471 420 501 484 si
517 419 668 501 vestigiis
688 422 846 486 inhaerere
868 421 983 498 liceat,
1001 407 1083 502 qnae
1095 426 1220 503 snpra*
1234 407 1320 485 indi&

215 523 303 585 cavi.
371 520 590 605 Conjungitur
615 523 702 587 enirn
737 523 771 586 in
791 521 907 587 eadem
934 540 1039 586 causa
1061 539 1083 584 a
1096 511 1321 604 Geograpbo¹

215 620 410 686 Rauennate
432 643 509 688 curn
529 624 760 706 scriptoribus,
780 625 838 707 qui
857 625 949 688 circa
968 624 1055 687 idem
1076 629 1208 705 tempus
1223 623 1320 686 vixe-

213 729 300 786 runt.
361 723 533 789 Medicum
566 731 677 790 autem
707 726 849 790 eundem
876 747 963 802 esse,
993 743 1094 808 quem
1122 723 1322 788 Marcellus·

213 823 250 887 in
275 824 470 906 praefatione
495 827 537 890 de
559 827 812 891 medicamentis
837 827 1009 910 empiricis
1035 831 1205 902 memorat,
1229 825 1323 890 nulla
1389 900 1394 910 ,

213 923 333 991 idonea
351 929 477 992 ratione
499 930 606 993 evinci
631 935 753 1012 potest,
775 930 838 993 etsi
866 928 1047 994 Carnarius
1071 929 1105 991 in
1126 927 1323 1010 praefatione

213 1025 350 1091 minime
363 1028 592 1109 refragandum
609 1038 722 1113 putat,
738 1023 913 1107 annuente,
928 1036 1019 1094 certe
1033 1047 1100 1093 non
1113 1029 1321 1104 adversante,

212 1125 367 1194 Vossio.¹
421 1129 542 1213 Neque
577 1137 688 1196 tamen
713 1133 768 1198 vel
794 1133 857 1211 sic,
883 1134 913 1197 si
937 1132 1028 1198 idem
1049 1131 1117 1196 fuit
1137 1131 1322 1216 Eutropius

210 1235 332 1309 noster,
343 1249 383 1296 ea
397 1231 510 1315 opinio
524 1233 627 1296 astmi
638 1233 715 1297 inde
727 1239 849 1315 potest.

664 1435 769 1502 cAP.
803 1435 868 1502 VI.

430 1605 479 1652 DE
505 1604 684 1652 cursorn
709 1603 892 1651 HISTORIA
918 1604 1094 1654 Romans.

258 1720 393 1786 Rubro
409 1721 452 1784 ad
476 1722 550 1805 ejus
564 1720 763 1786 breviarium
778 1721 927 1786 historiae
943 1722 1119 1800 Romame,
1135 1721 1236 1806 cujus
1255 1723 1323 1788 vir·

212 1829 303 1888 tutes
320 1828 354 1887 et
375 1823 459 1886 vitia
481 1822 573 1886 varie
597 1825 741 1908 spectari
768 1827 920 1906 possunt.
965 1824 1082 1888 Prima
1106 1825 1141 1886 in
1160 1823 1321 1888 historico

212 1925 319 1988 virtus
333 1927 421 1987 recte
435 1922 618 1987 celebratur
632 1929 666 1987 et
681 1925 843 2006 probatur
857 1925 1010 1990 veritatis
1024 1924 1183 1989 studium.
1214 1921 1321 2002 Quod

213 2025 243 2090 si
257 2024 292 2094 in
307 2043 347 2088 ea
361 2029 466 2107 parte,
494 2018 553 2086 ubi
573 2024 788 2090 remotiorum
813 2032 874 2089 aut
898 2027 1110 2109 superiorum
1134 2031 1321 2109 temporum

211 2126 385 2190 historiam
403 2125 564 2202 contexit,
589 2143 631 2188 ex
656 2125 805 2189 fontibus
821 2126 999 2211 judicetur,
1021 2145 1110 2210 quos
1135 2126 1230 2202 adiit,
1251 2144 1321 2189 non

210 2229 331 2288 temere
346 2225 389 2288 ad
404 2225 613 2298 scribendum
629 2232 742 2290 nostsr
761 2228 915 2304 accessit,
929 2246 1004 2304 nec,
1015 2248 1101 2310 quos
1115 2232 1256 2309 paratos
1270 2227 1322 2290 in·

212 2325 315 2403 venit,
332 2331 450 2390 temere
475 2331 508 2390 et
535 2327 605 2392 sine
626 2325 756 2392 delectu
781 2327 942 2393 adhibuit.
989 2329 1107 2394 Plures
1128 2331 1215 2392 enirn
1239 2347 1321 2392 eum

212 2427 423 2511 explorasse,
438 2429 487 2492 uti
501 2429 637 2493 omnino
653 2447 698 2492 ex
718 2428 820 2511 longa
833 2449 942 2494 rerum
958 2437 1214 2515 temporumque
1227 2429 1320 2494 serie

211 2528 353 2612 intelligi
368 2535 494 2614 potest,
516 2530 568 2594 itu
584 2531 684 2594 etiam
711 2550 756 2594 ex
779 2533 870 2615 ipso·
893 2532 1042 2609 discitur,
1058 2553 1133 2598 cunr
1146 2532 1318 2596 variorum

211 2629 362 2696 diversas
376 2633 579 2696 narrationes
595 2633 629 2697 iu
645 2633 792 2698 medium
808 2634 936 2699 afferat.
976 2634 1183 2700 Nominatim
1199 2652 1246 2698 ex
1258 2653 1319 2698 an·
1402 2718 1403 2725 ἵ

209 2730 408 2814 tiquissimis
424 2733 554 2798 indicat
575 2731 734 2798 Fabiumb
759 2733 938 2801 Pictorem.
984 2736 1039 2800 De
1061 2737 1147 2812 aliis,
1173 2753 1319 2818 quorum

211 2833 348 2898 nomina
370 2836 567 2918 suppressit,
595 2836 753 2920 judicare
782 2837 863 2901 licet
886 2838 979 2902 facta
1004 2857 1115 2901 rerum
1140 2837 1319 2920 ipsiusque

211 2935 412 2999 narrationis
427 2937 688 3019 comparatione.
728 2939 821 3002 Hinc
836 2947 988 3022 apparet,
1005 2941 1039 3002 in
1052 2957 1165 3001 eornm
1179 2957 1319 3002 numero

211 3037 291 3120 poni
306 3055 408 3119 posse
422 3035 567 3116 Livium,
584 3039 781 3104 Sallustium
792 3040 828 3104 in
841 3040 1014 3122 deperdita
1030 3040 1179 3117 historia,
1194 3040 1320 3105 Sueto-

211 3139 313 3216 nium,
334 3137 484 3206 historiae
510 3136 672 3223 Augustae
698 3142 894 3225 scriptores,
920 3160 1063 3224 quorum
1088 3141 1193 3204 etiarn
1213 3142 1320 3206 verba

211 3259 304 3323 saepe
316 3240 435 3318 reddit,
451 3241 506 3306 vel
526 3261 651 3308 errores
667 3251 842 3328 propagat,
857 3245 907 3306 uti
922 3244 957 3305 in
977 3243 1081 3306 notis‘
1101 3244 1230 3325 passim
1244 3263 1318 3307 mo·

209 3341 278 3404 nui.
324 3340 378 3404 De
394 3339 494 3407 [rivio
513 3343 717 3409 luculentum
737 3351 831 3408 extat
851 3344 1080 3407 testimoninm
1095 3340 1240 3420 Suidae,¹
1255 3344 1316 3425 qui

212 3441 298 3506 adeo
314 3443 451 3509 scribit:
467 3444 620 3530 Εὔτρόπιος
632 3450 646 3508 i
659 3446 822 3529 ‘Poepaiori
838 3441 974 3526 ίπιτιμοὶν
988 3441 1087 3519 Λίβων
1101 3441 1148 3505 τὸν
1161 3446 1316 3524 Ῥωμαῖοι,

708 3628 820 3680 Now.

243 3747 261 3773 ¹¹
278 3739 320 3789 Ad
331 3755 388 3804 cap.
400 3745 424 3791 t.
780 3743 865 3793 ditur'
883 3755 924 3793 rx.
942 3747 982 3792 1⁹.
999 3741 1098 3791 etalibi
1116 3739 1209 3792 eodem
1225 3742 1268 3793 rel
1279 3743 1316 3806 ,si-

244 3823 255 3848 ¹
274 3829 311 3865 ιν.
323 3821 347 3866 5.
780 3819 932 3869 nullimode.
1164 3805 1171 3819 ⁹

233 3899 255 3962 ‘⁰
272 3891 304 3940 lu
317 3891 400 3941 Henr.
418 3891 543 3956 Stephani
559 3894 665 3947 medice
677 3897 740 3947 artis
812 3892 825 3926 ⁸
844 3908 887 3943 ιιι.
904 3900 929 3944 t.

212 3966 371 4035 principibus
382 3969 457 4018 Tem.
469 3982 502 4020 rr.
518 3984 544 4033 p.
552 3974 609 4021 242.
813 3977 824 4002 ⁶
841 3967 882 4020 cf.
892 3983 953 4019 vru.
967 3973 1007 4020 11.

243 4043 301 4094 ΡΟ.
312 4043 329 4092 l.
342 4057 368 4107 p.
379 4049 435 4094 los.
813 4042 869 4094 ¹8.
887 4060 913 4094 v.
931 4045 1041 4098 Restm
1060 4047 1133 4098 Yon.
1150 4060 1182 4097 ιι.
1209 4061 1236 4112 p.
1256 4051 1314 4098 240.

243 4127 333 4170 ¹vru.
355 4122 394 4170 ll.
423 4119 467 4170 Sic
490 4121 521 4170 ‘a
540 4121 672 4189 plerisque
688 4136 743 4174 cre·
782 4121 966 4188 ed.Kuesteri.
