2809 4684
172 251 248 317 ’33
629 263 677 315 ue
702 233 890 313 suasorio

205 417 332 502 quippe
354 413 389 477 in
413 411 537 496 quibus
550 409 691 474 Paullus
713 408 836 472 desinit
854 409 888 472 in
901 407 988 472 libro
1004 423 1104 472 xvir.
1118 407 1171 473 his
1185 407 1311 486 verbis,

208 539 286 602 quaa
302 523 337 582 et
349 517 385 579 in
406 513 487 580 aliis
506 511 711 576 editionibus
735 511 904 592 legunturt
928 511 1033 592 ‘quta
1061 510 1165 574 verba
1185 515 1314 576 restant

204 619 327 696 adhuc,
357 637 433 700 quae
460 617 501 680 de
525 615 710 679 Justiuiaui
732 612 875 695 Augusti
900 611 1060 676 felicitate
1085 613 1253 688 dicantur,
1279 614 1313 676 in

205 721 369 804 sequenti,
386 719 461 784 Deo
471 717 629 802 praesule,
641 716 754 780 libello
763 713 948 797 promenda
957 713 1056 777 sunt!
1079 713 1183 777 Liber
1198 729 1313 777 xvrrr.

205 813 265 908 qui
278 823 355 888 binc
371 822 592 904 subsequitur,
608 823 640 882 et
651 817 693 882 ad
710 817 858 882 leonem
871 835 981 899 usque
997 815 1184 880 Isauricum
1199 835 1315 900 proce-

205 925 266 1004 dit,
292 925 435 1007 sparsim
460 923 495 985 in
525 921 634 986 Paulli
662 920 802 984 historia
822 919 864 983 de
887 919 988 1001 gestis
1017 917 1313 1002 Langobardorum

205 1027 335 1109 legitur.
379 1024 525 1090 Omissis
554 1025 639 1088 enirn
669 1023 831 1108 pluribus,
860 1039 936 1105 quar
955 1021 998 1084 ad
1020 1020 1112 1084 illam
1135 1020 1313 1085 historiam

205 1131 383 1214 pertinent,
400 1130 429 1192 si
445 1126 668 1191 connexueris
683 1145 728 1189 ex
742 1125 801 1188 lib.
826 1144 848 1187 ι.
870 1142 970 1206 capp.
987 1122 1042 1186 25.
1062 1120 1117 1186 26.
1132 1121 1176 1183 in.
1191 1140 1238 1186 ex
1252 1121 1312 1186 lib.

208 1247 249 1294 ιι.
266 1249 365 1315 capp.
389 1231 420 1293 1.
432 1229 463 1293 2.
476 1228 507 1291 3.
519 1229 553 1294 4.
574 1228 631 1291 lin.
657 1226 759 1291 5.11.
781 1245 825 1290 ex
847 1225 907 1289 lib.
924 1240 980 1289 111.
1003 1243 1106 1307 capp.
1117 1223 1172 1288 11.
1188 1224 1242 1288 12.
1257 1223 1313 1288 15.

207 1333 263 1398 1‘7.
278 1330 333 1396 18.
348 1331 403 1395 20.
418 1329 472 1395 22.
487 1330 541 1394 23.
555 1329 607 1394 24.
619 1327 727 1391 -27.
743 1327 786 1390 ad
809 1326 895 1390 med.
920 1345 967 1390 ex
989 1325 1048 1389 lib.
1073 1341 1122 1388 rv.
1138 1343 1242 1407 capp.
1255 1323 1313 1389 27.

204 1434 259 1498 34.
282 1433 337 1498 37.
364 1434 418 1496 51.
444 1432 514 1496 iere
537 1431 580 1495 ad
606 1435 692 1492 extr.
715 1447 761 1492 ex
786 1428 844 1492 lib.
859 1445 892 1492 v.
907 1447 1009 1510 capp.
1024 1425 1173 1490 6.-14.
1188 1427 1245 1489 311.
1268 1445 1313 1489 ex

205 1536 266 1601 lib.
288 1551 340 1598 vr.
365 1553 466 1617 capp.
481 1532 685 1598 4.11-14.
709 1531 763 1595 23.
787 1529 842 1594 31.
857 1530 913 1594 32.
927 1528 980 1594 34.
995 1527 1050 1593 36.
1067 1529 1120 1592 41.
1135 1529 1191 1592 47.
1217 1527 1275 1592 49.
1292 1548 1314 1592 a

202 1635 319 1702 medio
343 1636 385 1699 ad
408 1635 518 1712 tinem,
537 1639 726 1698 contextam
740 1633 880 1696 babebis
894 1631 1012 1696 seriem
1026 1631 1103 1695 libri
1119 1647 1234 1694 xvrrr.
1252 1632 1313 1714 qui

207 1737 330 1804 Paullo
359 1737 543 1801 ascribitur.
589 1735 682 1800 Raro
710 1736 799 1799 enim
823 1731 948 1816 aliquid
973 1733 1108 1796 aliunde
1135 1734 1312 1812 intexitur,

205 1839 308 1905 veluti
331 1839 366 1902 in
389 1838 475 1902 libro
500 1854 540 1901 ιι.
564 1857 595 1902 c.
610 1837 642 1900 1.
657 1835 697 1900 de
713 1834 890 1914 Prisciano
911 1834 1141 1898 Grammatico
1164 1840 1200 1898 et
1227 1835 1313 1899 alibi
1397 1862 1398 1881 .

206 1941 347 2026 passim.
392 1939 517 2003 Rarius
531 1940 633 2004 verba
646 1939 762 2020 aliqua
774 1937 977 2002 omittuntur.
1022 1933 1094 2000 Aut
1105 1937 1206 2017 igitur
1220 1942 1313 2001 totus
1397 1942 1398 1985 ἕ

205 2043 290 2108 liber
312 2058 424 2106 xvrrr.
448 2040 602 2125 Eutropii
619 2038 766 2103 Paullini
788 2059 832 2102 ex
848 2038 987 2103 historia
1012 2037 1314 2119 Langobardorum
1397 2076 1398 2119 3

208 2144 369 2210 collectus
384 2149 436 2208 est
450 2151 484 2207 et
498 2143 542 2206 ab
558 2142 672 2226 aliquo
687 2147 836 2218 assutus,
845 2146 914 2217 aut,
925 2139 1015 2223 quod
1030 2140 1145 2222 placet
1159 2138 1314 2206 Murato·
1397 2210 1398 2225 2

207 2244 280 2322 ri0,⁸
303 2245 423 2309 librum
441 2245 534 2308 illum
558 2243 702 2308 Paullus
718 2244 794 2327 ipse
810 2242 863 2308 vel
877 2243 1001 2326 aliquis
1014 2243 1112 2319 alius,
1131 2260 1192 2325 per
1206 2243 1313 2308 frusta
1397 2260 1398 2285 l

207 2347 365 2424 divisum,
381 2347 417 2409 in
429 2345 599 2410 historiam
614 2345 910 2428 Langobardorum
924 2343 1101 2422 transtulit,
1120 2346 1312 2426 praesertim

208 2469 286 2514 cum
301 2445 420 2512 Codex
435 2448 490 2512 ille
507 2447 757 2530 antiquissimus
771 2443 1025 2522 Ambrosianus,
1039 2451 1075 2509 et
1090 2445 1215 2529 quibus
1230 2467 1314 2511 usus

208 2556 261 2615 cst
275 2548 419 2614 Vinctus
444 2549 579 2632 aliique,
599 2548 720 2612 librum
747 2549 1004 2612 subsecuturum
1028 2547 1149 2611 diserte
1171 2549 1314 2630 promit·

207 2659 290 2728 taut,
307 2670 405 2733 quem
421 2649 551 2734 quidem
567 2650 687 2719 librum
703 2648 868 2732 appendit
882 2647 1003 2712 Codex
1012 2650 1098 2714 alius
1114 2646 1313 2714 Ambrosia·

206 2773 268 2818 nus
290 2752 410 2817 iisdem
433 2751 544 2815 verbis
568 2751 690 2834 quihus
703 2751 868 2814 editiones
885 2749 1041 2835 Eutropii
1054 2750 1135 2815 olim
1160 2751 1312 2835 vulgatae

208 2874 283 2920 eum
305 2853 517 2931 exhibebant,
532 2853 582 2917 uti
603 2858 742 2936 apparet
753 2869 799 2915 ex
815 2850 994 2916 Muratorii
1023 2853 1184 2918 thesauro
1203 2854 1313 2936 scrip-

207 2963 317 3020 torum
325 2975 432 3019 rerum
445 2954 665 3030 Italicarum:¹
674 2954 732 3016 ubi
743 2951 1006 3018 additamentum
1014 2953 1096 3017 illud
1105 2954 1312 3038 descriptum

207 3057 339 3142 legitur.
384 3055 430 3120 At
445 3077 467 3120 a
480 3057 574 3121 libris
593 3056 674 3134 illis,
698 3075 785 3139 quos
799 3053 942 3119 Paullus
958 3054 1131 3120 Diaconus
1146 3055 1311 3139 Eutropio

208 3154 346 3236 addidit,
361 3177 427 3222 non
444 3158 552 3222 solum
569 3156 747 3233 divisione,
763 3156 854 3238 quod
867 3156 941 3220 leve
954 3158 1008 3234 sit,
1025 3157 1086 3221 sed
1099 3158 1223 3240 etipsa
1237 3177 1313 3222 ora·

207 3259 295 3325 tione
308 3279 484 3343 rerumque
498 3261 682 3324 narratione
697 3258 905 3341 aliquantum
928 3258 1054 3323 recedit
1074 3258 1217 3322 historia
1228 3262 1311 3325 mis·

207 3361 303 3426 cella.
327 3361 416 3426 Haec
428 3363 528 3439 euim,
539 3368 576 3425 ut
586 3359 779 3442 exemplum
796 3365 907 3441 petam
923 3359 1044 3422 alibro
1054 3373 1168 3422 xvrrr.
1184 3359 1309 3439 Paulli,

208 3481 285 3544 quae
306 3461 361 3526 hic
390 3462 433 3526 de
461 3463 643 3527 Iustiniani
671 3461 867 3525 collectione
893 3468 928 3524 et
951 3462 1177 3545 descriptione
1197 3461 1311 3545 legum

207 3563 328 3642 narrat,
344 3565 402 3628 illa
416 3565 515 3648 plane
537 3564 669 3640 omittit,
690 3563 751 3626 sed
775 3569 810 3627 et
822 3564 925 3628 multo
944 3565 1039 3646 plura
1051 3570 1084 3628 et
1097 3563 1231 3629 diversa
1244 3570 1310 3630 aa·

208 3663 267 3744 dit,
298 3685 374 3750 quae
404 3667 447 3731 ad
469 3667 605 3731 verbum
626 3667 819 3751 plerumque
844 3684 891 3730 ex
911 3664 1084 3731 Anastasii
1097 3667 1237 3732 historia
1251 3666 1309 3731 de·

702 3867 809 3919 NO'l'AE

238 4030 248 4061 ¹
264 4026 340 4080 Turn.
352 4043 372 4080 ι.
383 4029 518 4094 scriptorr.
536 4043 620 4080 rernm
631 4030 736 4080 Italica·
811 4038 824 4062 ¹
839 4031 911 4080 Tem.
922 4043 942 4078 ι.
959 4043 984 4093 p.
998 4031 1052 4078 113.
1062 4041 1118 4094 sqq.

209 4119 264 4154 rum
277 4105 303 4154 in
313 4103 468 4170 prefatione
477 4105 509 4156 ad
521 4106 578 4157 bist.
590 4107 738 4158 mucetum.
