2809 4684
566 217 614 267 on
639 216 843 268 nornonro.
1208 206 1255 272 89

150 337 254 446 Mitt.
274 377 441 474 Picccrtus
459 383 584 449 Decede
599 403 680 451 xvi.
708 383 884 451 Observett.
904 357 1257 474 historico-politicorum

667 511 693 552 c.
716 491 749 553 l.
1188 489 1194 498 ’

191 620 324 703 Lageus
346 641 451 706 nuper
465 622 498 685 in
520 621 694 708 Eutropio,
709 622 787 710 (qui
799 626 999 692 breviarium
1019 627 1167 694 historiae
1184 627 1256 696 Ro-

146 741 258 816 martae
280 724 378 787 nobis
410 724 558 807 reliquit,
582 745 741 790 annorum
774 727 906 811 quidem
930 745 1048 794 nrcxv.
1078 731 1252 796 succincta

146 841 227 886 sane
243 825 471 905 concinnaque
493 826 666 904 brevitate,
682 829 732 892 sic
753 835 874 906 tamem
889 836 926 894 ut
947 831 1030 895 nihil
1044 851 1105 914 per
1118 851 1158 896 ea
1171 836 1256 898 term

145 943 231 1006 pora
246 925 406 990 acciderit
420 945 517 1009 poeue
529 927 565 990 in
580 913 908 1012 tmperio‘ltomano,
920 932 1010 1014 quod
1024 952 1091 997 nou
1106 933 1255 1014 diligenti

145 1023 197 1087 illi
212 1028 339 1090 auctori
353 1027 409 1091 vel
423 1028 528 1090 tribus
542 1029 659 1093 saltem
672 1031 785 1096 verbis
804 1030 970 1117 notatum)
982 1033 1082 1097 incidi
1098 1034 1133 1096 in
1147 1033 1252 1099 histo·

63 1201 66 1207 ¹
147 1125 231 1190 riam
245 1125 381 1206 Numae,
396 1131 457 1194 &a
1192 1133 1196 1140 ’

147 1267 263 1336 Merit.
279 1269 480 1337 Carantonus
503 1273 535 1336 in
554 1272 748 1340 Testimoniis
770 1275 807 1340 de
821 1275 935 1340 Marco
947 1275 1058 1340 Aurei.
1078 1275 1251 1342 Antonino.

189 1405 314 1472 Soidns
336 1408 371 1471 in
385 1427 460 1472 voc.
475 1407 593 1494 Μάρκος
606 1411 669 1474 tria
684 1411 819 1476 diversa
833 1411 1037 1478 diversorum
1052 1413 1250 1495 scriptorum

145 1508 271 1590 profert
291 1512 490 1577 testimonia.
541 1513 691 1578 Primum
712 1534 757 1578 ex
778 1513 996 1605 Rhilosaato,
1018 1517 1080 1578 &c
1124 1513 1251 1578 Secun-

144 1609 223 1674 dum
247 1613 339 1694 quod
361 1614 489 1697 incipit,
511 1613 630 1700 Μάρκος
651 1613 788 1694 βασιλεὺς
809 1611 957 1697 Ῥωμαίων
976 1612 1007 1678 ὃν
1032 1613 1249 1694 ἐκπλήττεσθαι,

142 1715 201 1777 tte.
216 1719 271 1777 est
283 1734 367 1797 pura
381 1720 465 1798 puta
478 1715 632 1801 Eutropii
644 1717 837 1804 μιτᾶφςασις,
852 1725 909 1784 aut
923 1715 1106 1803 παράφρασις
1123 1718 1247 1800 potius.

143 1813 377 1900 Quaecumque
402 1819 489 1882 enim
511 1817 651 1883 Latinus
686 1821 744 1884 ille
774 1821 950 1885 Breviator
972 1820 1135 1884 Historiae
1159 1817 1249 1900 stylo

142 1920 375 1998 contractiore,
390 1925 424 1983 et
437 1921 512 1985 inde
525 1918 674 2004 ‘saepius
690 1923 750 1986 sed
765 1927 799 1986 et
813 1923 857 1986 ob
873 1939 1014 1986 acumen
1029 1918 1247 2003 sophisticum

141 2039 393 2104 nonnunquam,
408 2022 620 2106 obscuriore;
642 2025 697 2089 hic
713 2023 835 2089 Graece
855 2025 905 2087 sic
921 2021 1110 2098 redduntur,
1124 2025 1161 2084 ut
1180 2011 1248 2084 ιιοιι

139 2142 255 2206 pauca
268 2125 395 2207 passim
410 2127 510 2190 verba
529 2127 758 2210 suppleantur,
774 2146 851 2211 quae
866 2125 1059 2190 sententiam
1074 2123 1247 2187 clariorem

140 2243 190 2304 ac,
204 2225 390 2308 pleniorem
404 2225 555 2292 reddant.
599 2224 641 2291 In
665 2247 733 2292 uno
748 2232 858 2292 tamen
879 2234 913 2291 et
938 2226 1043 2291 altero
1057 2225 1136 2289 loco
1153 2243 1247 2289 men·

141 2331 208 2390 tem
224 2327 382 2411 Eutropii
395 2347 463 2390 non
478 2328 561 2394 satis
577 2335 755 2394 assecutus
769 2334 822 2393 est
834 2329 889 2393 hic
901 2323 1135 2413 (quicumque)
1148 2345 1246 2410 para-

138 2429 305 2510 phrastes.
351 2428 505 2494 Ceterum
521 2450 540 2492 e
556 2429 700 2510 duobus,
716 2450 856 2514 quorum
875 2429 996 2493 notitia
1018 2429 1070 2491 arl
1084 2448 1148 2491 nos
1169 2447 1245 2508 per·

138 2531 238 2609 venit,
261 2531 419 2614 Eutropii
435 2531 568 2595 Graecis
590 2533 834 2616 interpretibus,
859 2522 1034 2615 Capitone,
1057 2527 1156 2612 cujus
1177 2537 1245 2593 n'on

138 2633 231 2697 solus
253 2630 378 2696 Suidas
398 2633 562 2711 meminit,
583 2637 616 2696 et
638 2622 791 2711 Paeonio,
805 2633 903 2715 cnjus
928 2617 1245 2714 translatio‘pridem

138 2735 172 2797 iu
197 2735 311 2799 lucem
339 2734 479 2818 prodiit;
501 2735 567 2800 utri
591 2735 708 2800 horum
730 2733 904 2798 tribuenda
930 2734 997 2796 sint
1020 2732 1105 2810 hoec,
1121 2733 1150 2796 si
1165 2731 1242 2815 quis

139 2842 288 2920 qnaerat:
310 2837 374 2901 etsi
389 2837 563 2901 Paeanium
577 2835 689 2900 videre
709 2835 789 2900 milti
807 2855 873 2899 non
884 2836 1042 2898 hactenus
1056 2833 1242 2914 contigerit,

138 2939 241 3002 exiis
257 2929 370 3002 tamen
385 2937 515 3022 quaeda
530 2937 604 3020 ejus
618 2939 772 3002 versione
785 2938 849 3002 viri
864 2935 1059 3013 doctissimi,
1068 2935 1143 3000 Jos.
1159 2935 1243 3028 Sca7

137 3039 230 3124 liger,
246 3039 282 3103 b.
304 3059 349 3102 m.
372 3059 493 3122 parens
519 3038 567 3103 Is.
592 3037 829 3117 Gasaubonus,
845 3038 1016 3116 Valesius,
1042 3037 1166 3119 aliique
1181 3037 1242 3119 qui

137 3139 293 3224 legerant,
306 3141 433 3224 passim
446 3141 669 3222 pronuntiant,
684 3158 750 3204 non
764 3139 915 3217 Paeonio,
940 3138 1001 3202 sed
1016 3136 1183 3219 Capitoni,
1205 3141 1242 3222 ut

138 3248 170 3307 et
190 3243 370 3325 antiquiori
390 3247 423 3304 et
442 3242 538 3324 longe
558 3241 787 3326 praestantiori
799 3239 1023 3323 adjudicanda
1036 3257 1110 3302 esse
1131 3237 1242 3303 facilis

138 3349 189 3410 est
203 3345 405 3430 conjectura.
450 3343 538 3408 Sunt
551 3345 639 3408 enim
651 3344 727 3408 haec
743 3361 879 3427 quoque
893 3341 984 3420 talia,
1001 3361 1077 3424 quae
1093 3341 1241 3405 auctoris

138 3449 188 3512 sui
201 3467 267 3512 non
282 3448 420 3528 vulgare
433 3446 611 3529 ingenium,
625 3450 661 3509 et
674 3445 711 3509 in
724 3450 870 3513 veterum
882 3442 1023 3509 lectione
1037 3443 1240 3529 diligentiam

139 3555 308 3615 testentur.

159 3697 249 3764 Pete.
264 3696 453 3762 lambecius
473 3697 507 3760 in
527 3694 735 3762 Comntentar.
750 3695 787 3761 de
802 3693 955 3759 Biottorl.
973 3691 1050 3758 Cae.
1064 3693 1118 3758 tit.
1134 3709 1217 3759 vm.

177 3836 337 3902 Decimus
360 3831 498 3898 eodem
521 3832 775 3918 Manuscriptns
795 3832 990 3897 Historicus
1011 3830 1156 3897 Graecus
1185 3807 1239 3894 est

632 3967 740 4018 NOTAE

320 4069 338 4116 8
358 4065 435 4117 Inter
452 4063 533 4118 Codd.
555 4078 648 4129 nempe
671 4063 823 4115 (trecorum
840 4058 1039 4134 liietoriootnn·
