2809 4684
220 239 265 304 46
503 255 737 304 unsrruoum
764 255 813 304 nn
838 255 1040 304 uurnorro.

220 407 337 472 κτήσεις,
350 403 400 458 τὰς
423 396 447 457 δ’
460 401 563 458 otuelus
587 401 633 456 rui
657 398 809 473 βασιλικὰς
829 401 907 475 παρὰ
930 403 1044 479 φαῦλον
1057 397 1183 457 &toea-²⁴
1203 399 1318 476 ἄμεινον

184 561 188 564 ,Ἴ
217 501 296 574 παρὰ
309 503 366 556 ταῖς
380 493 504 554 ἰδιώταις
518 492 592 552 εἶναι
605 499 702 567 λέγων
716 507 764 554 τοῦ
777 493 922 569 βασιλέως
935 498 1071 572 εὐπορίαν
1083 495 1101 563 ἢ
1114 498 1200 574 μικρῷ
1213 519 1319 574 περιη-

218 596 347 652 κλεῐαθαι
361 597 455 672 χωρίῳ
464 602 524 650 τῶν
537 590 696 659 βασιλικῶν
710 593 871 671 reputor-²⁵

217 776 409 837 facultatibus
431 775 641 854 applaudebat,
667 729 831 854 pecudiares
855 783 954 834 autem
966 782 998 833 et
1013 774 1216 852 Imperatoriae
1232 775 1318 836 flocci

215 872 362 940 faciehat3
384 872 493 950 quippe
507 872 619 941 dicens,
642 871 848 949 Imperatoriae
871 889 942 947 opes
964 870 1067 929 melius
1088 871 1168 947 apud
1189 872 1317 949 privatos

216 968 363 1040 asservari,
378 987 468 1046 quam
481 969 589 1047 exiguo
603 967 796 1028 circumcludi
809 967 876 1027 loco
889 968 1052 1046 Imperiulis
1063 968 1176 1029 AEmrii.
1238 1035 1241 1038 ⁴
1290 1029 1294 1035 ,

257 1151 443 1233 Hucusque
456 1151 497 1214 de
511 1149 673 1233 Eutropio
687 1147 901 1232 Nicephorus
912 1147 1086 1229 Gregoras.
1109 1147 1207 1211 Unde
1221 1149 1316 1214 lucu·

212 1253 314 1316 lenter
349 1259 442 1336 patet
472 1251 669 1335 Eutropium
705 1251 806 1329 huuc,
838 1251 1033 1334 Sophistam
1056 1249 1235 1328 Gentilem,
1258 1253 1316 1335 qui

213 1353 301 1438 Imp.
324 1354 461 1420 Valenti
485 1355 695 1418 Breviorium
716 1353 881 1417 Historiae
907 1352 1071 1417 Romanae
1093 1351 1275 1432 dedicavit,
1295 1373 1318 1428 a

210 1456 343 1522 Ioanne
357 1456 543 1522 Trithemio
565 1457 599 1519 in
622 1455 725 1520 Libro
747 1456 788 1519 de
810 1454 1038 1538 Scriptoribus
1054 1452 1314 1533 Ecclesiasticis,

212 1557 367 1622 Conrado
390 1557 540 1622 Gesnero
556 1558 590 1620 in
605 1557 820 1622 Bibliotheca
838 1554 1038 1632 Universuli,
1053 1553 1096 1616 R.
1109 1554 1149 1617 P.
1166 1553 1315 1621 Antonio
1396 1564 1397 1571 ’

211 1659 402 1724 Possevino
424 1661 459 1722 in
472 1659 648 1743 Apparahr
663 1660 778 1736 Sacro,
793 1663 827 1722 et
848 1678 869 1721 a
892 1656 1120 1739 compluribus
1137 1658 1226 1734 aliis,
1241 1678 1314 1740 per-
1396 1720 1397 1747 ἦ

210 1779 326 1842 peram
349 1760 510 1824 confundi
531 1780 607 1824 cum
634 1759 808 1842 Eutropio,
832 1757 1001 1822 Monacho
1038 1763 1071 1820 et
1103 1757 1314 1841 Presbytero,
1396 1752 1397 1771 ¹

210 1861 270 1944 qui
284 1861 320 1924 S.
336 1856 515 1942 Augustini
538 1861 601 1924 luit
614 1860 807 1943 discipulus,
835 1865 873 1936 er,
889 1859 1061 1942 Epistolas
1078 1859 1163 1922 duas
1178 1861 1315 1943 scripsit

208 1963 449 2027 consolatorias
483 1961 527 2026 ad
560 1962 647 2025 duas
670 1979 812 2039 sorores,
836 1960 976 2023 ancillas
997 1959 1135 2036 Christi,
1158 1980 1238 2043 quae
1268 1963 1312 2025 oh
1396 1982 1397 2033 i

207 2063 419 2129 devotionem
440 2062 627 2146 pudicitiae,
650 2067 684 2126 et
710 2081 855 2125 amorem
877 2061 1054 2143 religionis,
1078 2080 1099 2124 a
1119 2063 1313 2145 parentibus
1396 2054 1397 2061 '

207 2165 427 2228 exhaeredatae
442 2163 587 2243 fucrant3
604 2169 800 2228 attestatur
815 2162 1013 2228 Gennadius
1029 2163 1257 2229 Massiliensis
1279 2165 1313 2228 iu

207 2265 309 2332 Libro
324 2265 366 2328 dc
381 2264 618 2348 scriptoribus,
632 2266 744 2347 capite
758 2263 1012 2346 quadragesimo
1027 2284 1127 2329 nono.

370 2517 379 2533 .
479 2465 631 2532 Gesnerur
646 2465 680 2532 ιἰι
695 2463 906 2545 Bibliotheca,
926 2487 959 2550 p.
974 2466 1048 2532 238.

249 2601 403 2684 Eutropii
417 2601 546 2683 insigne
559 2603 728 2680 volumen,
742 2623 812 2685 quo
827 2602 982 2668 Romana
994 2600 1136 2666 historia
1148 2600 1312 2664 universa

77 2725 83 2738 ·
177 2737 181 2743 ·
205 2703 414 2781 describitur,
437 2722 481 2768 ex
503 2703 711 2770 diversorum
727 2703 911 2770 Auctorum
924 2704 1142 2782 monumentis
1154 2703 1310 2769 collecta.

205 2803 340 2882 Quanto
362 2805 568 2890 veromajor
589 2805 753 2871 Codicum
773 2807 947 2871 sinceritas
978 2825 1019 2870 eo
1051 2810 1199 2888 tempore
1232 2803 1310 2882 furit,

204 2927 303 2989 quam
325 2913 377 2971 est
396 2905 523 2971 hodiet
568 2907 688 2991 Itaque
709 2926 774 2970 non
789 2925 902 2989 panca
913 2909 1068 2990 leguntur
1085 2908 1140 2970 hic
1154 2907 1311 2972 emenda-

203 3009 271 3072 tius
292 3009 397 3071 mnlto
419 3027 520 3091 quam
554 3009 590 3073 in
623 3009 830 3074 editionibus
852 3009 1059 3093 quorundam
1080 3008 1311 3074 historicorum

202 3129 279 3194 quae
295 3110 394 3194 vulgo
409 3109 687 3176 circumicumtur.
721 3143 726 3152 ·

704 3310 810 3362 NO'l'AE

201 3418 286 3470 dicem
309 3420 511 3484 manuscriptum
540 3421 734 3472 membranace·
774 3435 838 3487 opes
856 3438 871 3472 ι
889 3422 998 3486 privatis
1020 3421 1119 3483 haberi,
1140 3434 1219 3485 quam
1236 3420 1310 3471 intra

203 3509 246 3545 um
255 3495 453 3560 Augustusne
469 3497 639 3546 Bibliotheca
648 3497 734 3548 Caesa-
774 3515 850 3550 uuum
862 3500 1001 3550 claustrum
1015 3495 1158 3547 reservari!
1173 3496 1286 3547 lumbe.

201 3587 253 3622 rere
280 3578 340 3622 suut
367 3574 440 3622 haec:
473 3571 667 3633 ‘Constantius
693 3572 734 3620 vir
805 3571 1309 3637 mIneu.sylb.1egitur;mpteas

201 3649 581 3714 cgregiusetpraeslautiusimee
590 3651 733 3711 civilitatis,
772 3659 818 3699 λιν
827 3651 936 3699 bonito·
946 3647 1006 3713 paul
1015 3650 1075 3710 γοῦν
1088 3646 1161 3697 nerlu
1173 3647 1310 3713 ild-pera&

201 3725 301 3774 divitiis
318 3725 517 3789 provincialium
530 3739 561 3774 ac
571 3726 732 3788 privatorum
771 3723 932 3786 ducenum.
948 3725 1060 3775 hemlee.
1249 3725 1252 3730 ’

200 3802 316 3864 studens,
326 3801 584 3850 fiuricommodauon
596 3801 731 3851 admodum
802 3806 834 3851 2⁵
852 3798 1309 3862 Ηααιεώατῦνβασιλιιιόντφών

200 3875 336 3943 affectans,
354 3877 495 3944 dicensque
507 3876 600 3928 melius
612 3877 731 3943 publicas
770 3886 831 3928 sunt
842 3879 868 3928 iu
877 3878 921 3928 ed.
932 3878 1006 3945 sylb.
1022 3879 1132 3930 unte.
1250 3947 1255 3954 .
