2809 4684
198 241 244 308 uu
648 264 885 319 unumunurn

200 406 526 490 sununopolitanim
568 405 706 475 Laudat
720 430 800 476 vero
815 430 890 476 eum
905 416 1026 478 testem
1046 414 1084 478 in
1104 415 1205 482 rebus
1220 415 1308 482 Gon·

200 509 340 572 stautini
363 507 492 593 Magni,
515 529 593 593 quae
616 513 726 576 oculis
748 515 820 578 suis
842 515 967 580 vidisse
988 535 1064 580 eum
1088 516 1146 581 ait.
1193 516 1310 603 Atque

200 629 246 676 ex
259 610 311 676 bis
326 617 420 695 patet
441 634 527 680 error
540 613 720 680 Ptolemaei
734 615 939 700 [Lucensia]
959 624 993 682 et
1006 618 1108 702 hujus
1130 638 1168 683 se
1189 625 1311 684 ancto-

199 715 301 780 ritate
322 717 449 780 tuentis
465 715 651 799 Raphudlis
667 716 892 798 Volaterrani,
914 721 973 804 qui
995 720 1195 804 Eutropium
1216 722 1308 788 buno

199 815 306 880 fnisse
327 823 482 900 putarunt
497 818 700 903 discipulum
716 822 758 886 B.
774 820 964 904 Augustini,
1011 822 1098 901 Quoe
1120 829 1156 888 et
1172 833 1310 890 senten·

202 920 251 986 tia
272 927 323 986 est
336 919 492 1000 Gesneri,
507 929 542 986 ct
559 921 760 1005 Eisingrinii,
775 930 811 988 et
825 923 992 989 Theodori
1010 923 1180 1006 Zniugeri,
1195 925 1311 992 Thea

201 1022 244 1086 tri
260 1023 313 1087 sui
328 1026 496 1088 volumine
512 1042 564 1089 vr.
589 1025 649 1090 lib.
667 1041 709 1090 11.
732 1025 774 1089 ad
796 1026 870 1090 baec
886 1025 1064 1090 Passerini
1086 1027 1120 1091 in
1131 1025 1311 1111 Apparatu

201 1141 310 1203 sacro,
325 1132 427 1208 atque
439 1127 591 1191 aliorum.
637 1125 678 1189 In
692 1145 839 1191 errorem
852 1147 968 1192 omnes
982 1149 1040 1191 eos
1057 1129 1200 1212 impulit,
1216 1131 1309 1214 qnod

200 1223 397 1292 Gennadius
412 1228 445 1290 in
460 1227 634 1294 illustrium
650 1229 809 1293 Virorum
824 1229 981 1311 catalogo
995 1231 1192 1313 Eutropium
1206 1251 1311 1315 queu-

200 1327 277 1393 dem
299 1329 431 1408 referat,
453 1329 495 1394 de
519 1349 588 1412 quo
610 1331 696 1396 hunc
726 1333 763 1395 irr
793 1331 928 1396 modum
950 1332 1040 1415 apud
1072 1351 1148 1395 enm
1168 1331 1308 1415 legitur:

201 1429 409 1514 ‘Eutropius
431 1431 602 1514 presbyter
622 1432 757 1514 scripsit
790 1431 834 1496 ad
867 1433 955 1496 duas
985 1451 1130 1510 sorores,
1165 1434 1310 1499 ancillas

202 1529 337 1608 Christi,
353 1550 428 1614 quae
445 1531 489 1595 ob
511 1530 729 1596 devotionem
751 1533 935 1616 pudicitiae,
950 1541 984 1599 et
1006 1553 1153 1599 amorem
1175 1536 1311 1618 religio·

200 1633 267 1709 nis,
289 1632 511 1698 exhaeredatae
544 1641 624 1697 snut
656 1636 906 1717 aparentibus,
928 1636 1089 1719 epistolas
1112 1637 1146 1700 in
1168 1639 1310 1704 modum

201 1735 389 1798 libellorum
412 1734 670 1812 consolatorias,
686 1736 830 1818 eleganti
852 1742 885 1800 et
906 1745 1023 1819 aperto
1041 1757 1192 1803 sermone
1206 1739 1307 1817 duas,

201 1853 270 1900 nou
303 1836 410 1900 solum
433 1835 570 1912 ratione,
593 1834 654 1899 sed
691 1835 791 1900 etiam
827 1837 1028 1901 testimoniis
1060 1836 1309 1921 scripturarum

200 1934 367 2002 munitas.²
412 1934 567 2000 Meminit
591 1942 702 2000 autem
726 1937 799 2021 ejus
821 1935 1017 2001 Gennadius
1042 1944 1121 2021 post
1149 1936 1310 2022 Angusti-

200 2059 290 2116 uum,
305 2038 473 2114 Orosium,
489 2039 586 2103 alios.
632 2037 737 2102 Hunc
753 2038 801 2102 illi
827 2057 904 2102 esse
930 2039 1084 2103 breviarii
1109 2040 1309 2122 scriptorem

200 2139 417 2205 crediderunt.
462 2139 528 2204 Sed
541 2145 690 2222 tempora
704 2146 903 2223 repugnant,
919 2159 996 2203 cum
1010 2145 1126 2203 auctor
1139 2140 1309 2220 breviarii,

201 2240 425 2320 Constantini,
447 2242 522 2324 eJ'us
542 2241 736 2317 liberorum,
758 2239 898 2315 iuliani,
920 2239 1070 2317 Ioviani,
1094 2247 1129 2303 et
1151 2239 1310 2307 Valentis
1402 2302 1403 2307 ,

200 2344 407 2426 temporibus
429 2339 573 2407 vixerit:
609 2348 644 2406 at
664 2362 729 2406 uon
750 2343 828 2406 item
851 2339 1003 2407 Gratiani
1025 2347 1083 2405 ant
1103 2340 1309 2424 Theodosii3

201 2443 321 2508 saltem
343 2465 408 2510 nou
423 2443 564 2509 Arcadii
582 2451 617 2507 et
644 2443 807 2507 Honorii:
830 2447 870 2506 ut
885 2440 1078 2523 Augustino
1099 2461 1175 2514 esse
1193 2442 1309 2525 junior

199 2563 265 2610 nou
287 2547 405 2629 possit.
458 2544 587 2610 Adbaec
620 2545 677 2608 ille
699 2541 876 2609 Gennadio
897 2550 1097 2607 memoratus
1125 2535 1311 2628 presbyter

200 2653 292 2713 erat:
315 2654 351 2712 at
370 2648 426 2712 hic
449 2669 491 2711 au
514 2647 723 2713 Christianus
748 2645 860 2723 fuerit,
875 2645 1211 2728 meritoambigitur,
1230 2667 1310 2711 cum

198 2748 338 2814 reticeat
372 2747 633 2814 Christianorum
669 2749 921 2830 persecutiones
950 2763 989 2810 x.
1025 2767 1066 2811 ac
1101 2749 1135 2811 in
1157 2747 1309 2815 Joviano

200 2859 312 2935 aperto
327 2851 466 2916 suadeat
478 2849 661 2934 perfidiam.
707 2851 787 2914 Scio
798 2869 886 2928 esse,
897 2851 955 2933 qui
964 2847 1187 2914 Christianum
1200 2849 1309 2916 finisse

199 2951 360 3034 colligant
391 2951 523 3029 exinde,
556 2952 647 3035 quod
675 2951 718 3015 de
739 2949 878 3016 Juliano
912 2952 1060 3016 scribat:
1083 2948 1308 3032 ‘Religionis

198 3051 398 3118 Christianae
413 3054 606 3130 Insectator,
629 3051 767 3136 perinde
781 3057 903 3128 tamen,
917 3057 953 3115 ut
967 3071 1085 3116 cruore
1101 3051 1309 3117 abstineret)

198 3153 267 3220 Sed
289 3155 337 3221 ita
352 3174 486 3239 quoque
500 3154 645 3218 scribere
667 3154 778 3235 potuit
793 3153 938 3234 gentilis,
961 3153 1080 3217 saltem
1096 3154 1154 3236 qui
1175 3153 1211 3216 in
1226 3174 1308 3218 con·

197 3257 277 3322 finio
294 3259 503 3322 tenebrarum
526 3275 567 3319 ac
588 3255 675 3319 lucis
690 3254 905 3330 constitutus,
927 3273 989 3318 uec
1005 3255 1159 3336 gentilem
1174 3253 1308 3337 religio·

196 3377 271 3422 nem
306 3362 472 3442 probaret,
505 3377 568 3422 uec
595 3357 797 3422 Christianae
833 3365 942 3421 tamen
976 3375 1095 3419 nomen
1130 3355 1305 3421 dedisset:

197 3459 316 3544 quales
338 3461 501 3525 saeculnm
522 3459 604 3523 illud
625 3459 741 3525 babuit
761 3459 897 3523 multos.
942 3457 1011 3523 Sed
1031 3463 1212 3539 utcumque
1238 3455 1306 3522 lroc

196 3565 258 3640 est,
273 3566 434 3647 tempora,
457 3567 496 3626 ut
511 3561 668 3638 vidimus,
691 3581 752 3625 eus
776 3560 937 3639 refellunt,
954 3559 1012 3644 qui
1027 3556 1217 3639 Augustino
1233 3557 1306 3625 Eu·

195 3663 340 3746 tropium
361 3663 489 3730 iaciunt
504 3663 682 3747 juniorem.
737 3661 867 3746 Stylum
889 3664 920 3727 si
941 3666 1088 3745 spectes,
1110 3677 1227 3743 parum
1249 3665 1307 3726 eat

196 3763 393 3828 concinnus:
417 3763 477 3827 sed
497 3763 560 3828 boc
583 3764 686 3841 aetati,
701 3781 769 3845 qna
782 3764 879 3840 vixit,
895 3765 1091 3828 tribuamus·
1135 3758 1208 3824 Res
1224 3781 1304 3826 vero

195 3865 288 3950 ipsas
303 3863 502 3953 compendio
524 3866 609 3930 satis
630 3864 809 3930 commodo
825 3867 1037 3930 constrinxit.
1080 3864 1172 3931 Sane
1186 3861 1303 3948 quanti

696 4052 804 4105 NO'l'AE

648 4182 749 4236 swa
759 4197 846 4249 supra.
961 4219 965 4232 .
