2809 4684
423 265 613 338 *enarrare
637 267 710 316 uro.
733 269 785 316 vr.
1094 249 1160 320 151

76 417 136 478 tnta
148 429 208 476 non
224 417 321 476 asset.
368 410 482 491 Quare
505 411 554 478 id·
576 412 703 476 bellum
727 410 789 476 On.
801 409 966 496 Pompeio
987 411 1160 480 decretum

76 519 136 592 esu
156 511 246 596 quod
260 512 356 576 intra⁵
378 530 509 595 paucos
527 521 667 578 menses⁵
681 514 802 596 ingenti
816 519 849 578 et
861 512 1024 578 felicitate
1040 521 1086 580 et‘
1105 536 1161 580 ce·

76 614 187 702 leritato
200 613 351 678 confecit.
399 614 485 680 Mox
501 616 535 679 ei
555 615 703 680 delatum
725 615 849 680 bellum
862 616 964 680 etiam
977 622 1097 681 contra
1109 637 1163 682 re·

78 716 151 795 gem‘
161 715 376 780 Mithridaten
396 724 431 782 ot
451 718 617 800 Tigranen
629 717 657 782 :s
679 737 748 802 quo
771 724 928 800 suscepto
944 716 1163 783 Mithridaten

76 818 105 879 in
116 814 267 880 Armenia
280 819 405 883 minore
424 829 599 884 nocturno¹
614 819 742 904 proelio‘
766 821 860 897 vicit,
876 826 987 884 castra
1000 819 1160 903 diripuit:

77 917 277 1000 quadraginta
291 919 441 986 millibus
454 921 528 1008 ejus
542 921 691 999 meista*
714 919 843 1003 viginti·¹
856 919 996 984 tantum*
1010 919 1052 984 de
1065 941 1162 1012 exerf

78 1020 135 1096 citu
152 1039 210 1082 sno
232 1020 389 1112 perdidit,
412 1029 447 1086 et
470 1023 564 1087 duos‘
587 1023 806 1088 centuriones.
852 1017 1063 1086 Mithridates
1085 1041 1163 1088 cnm

77 1127 178 1182 uxoren
198 1119 317 1203 urgit:
337 1127 371 1186 et
400 1124 529 1188 duobus
557 1123 745 1188 comitibus.
791 1122 913 1205 Neque
937 1123 1057 1186 multo'⁸
1072 1129 1162 1206 post,

79 1239 144 1281 curn
155 1223 185 1283 in
198 1241 278 1312 suos
284 1225 435 1314 saeviret,
451 1225 639 1290 Pharnacis
657 1225 718 1290 filii
743 1224 808 1288 sui⁰
821 1222 911 1307 apud
924 1224 1060 1288 mititesr
1074 1225 1162 1288 sedi·

79 1321 174 1399 tione*
186 1323 229 1386 ad
252 1333 393 1389 mortem
416 1331 564 1404 coactus,
588 1345 753 1392 venenum
773 1325 895 1390 hausit·
940 1323 1043 1388 Hunc
1064 1324 1164 1390 finem

79 1421 178 1487 babuit
188 1423 416 1492 Mithridates:
450 1430 549 1512 periit
564 1433 674 1494 autem
689 1427 781 1512 apud
797 1425 1036 1510 Bosphorum,t
1049 1427 1100 1490 vir
1113 1427 1163 1490 in·

80 1525 170 1603 gentis
181 1525 352 1592 industriae
374 1531 597 1613 consiliique!
640 1531 811 1614 Regnavit
831 1530 939 1594 annis
962 1528 1163 1611 sexaginta:

79 1624 151 1689 vixit
163 1631 375 1712 septuaginta
387 1631 518 1698 duobus
528 1643 552 1698 ε’
574 1639 703 1700 contra⁰
719 1631 895 1698 Romanos
907 1631 1030 1696 bellum
1044 1630 1163 1698 habuit

81 1727 172 1791 anuis·
186 1729 443 1814 quadraginta.w

83 1957 149 2033 lugd.
160 1959 215 2010 Bet.
226 1959 306 2011 codd.
316 1975 376 2012 narn
386 1961 494 2028 vulgati
505 1963 602 2014 habent
612 1981 618 2014 ε
637 1965 678 2014 lta
689 1969 717 2016 at
728 1963 850 2028 amotio
861 1960 983 2024 Remis,
993 1967 1043 2012 toto
1053 1962 1107 2012 orte
1117 1960 1166 2012 etc·

82 2023 163 2085 imm,
176 2027 223 2074 sola
234 2031 289 2074 tata
302 2041 347 2076 aon
358 2034 472 2078 esset-¹
489 2029 520 2078 ld
534 2031 566 2078 cd
584 2029 666 2092 Lngd.
685 2029 747 2078 nat.
759 2027 828 2078 2.-⁶
844 2028 912 2077 later
932 2028 1015 2090 bugd.
1035 2029 1096 2076 Bat.
1109 2031 1166 2076 l.-

83 2092 90 2116 ‘
102 2085 189 2137 beant
198 2089 250 2152 ing.
263 2095 288 2139 et
294 2090 364 2150 felic.
375 2095 398 2140 et
410 2093 461 2143 hc.
477 2093 570 2154 ingesti
580 2091 677 2152 etselic.
694 2093 811 2142 dedimus
823 2107 856 2140 ex
868 2092 952 2155 Lugd.
965 2092 1025 2141 Bet.
1033 2095 1059 2140 2.
1071 2095 1095 2141 3.
1105 2095 1129 2142 t.
1140 2097 1165 2142 h.

83 2149 120 2184 -1
132 2151 202 2214 Reges
212 2153 245 2204 N.
257 2155 299 2203 Μ.
318 2154 340 2203 Α
351 2169 429 2232 regern
441 2170 520 2220 usque
532 2157 566 2206 ad
579 2155 775 2233 Mithridateaia
786 2157 901 2206 Ameaio
912 2157 1003 2205 delent
1012 2155 1094 2220 Lugd.
1104 2156 1167 2206 liat.

84 2216 953 2358 itatemsalmantinis,tratti
963 2221 1167 2334 tutata:
1200 2297 1206 2310 ·

85 2347 148 2392 etram
158 2347 254 2396 mutim
264 2345 405 2398 delent-¹
422 2361 490 2398 xxx.
510 2347 554 2398 Sc.
567 2349 645 2399 etho
664 2347 689 2400 d.
707 2349 766 2400 Bat
776 2354 800 2398 t.
818 2349 863 2398 sed
875 2354 899 2423 ²:
910 2348 1037 2398 delet-1
1055 2349 1168 2398 rma·

85 2411 139 2456 aede
156 2409 232 2473 bugd.
248 2413 313 2462 Bat.
333 2409 399 2461 t.-³
417 2413 466 2462 Sed
485 2413 531 2461 dae
549 2413 632 2478 Lugd.
677 2419 715 2462 at.
730 2420 806 2462 §.⁴¹¹
823 2413 910 2475 litgstt
930 2412 1012 2477 Lngd.
1033 2413 1093 2461 liat.
1110 2418 1167 2462 1.-

85 2471 200 2524 *huma
212 2476 293 2540 Logd.
306 2477 368 2526 Bat.
380 2481 448 2526 l.-⁰
465 2477 526 2527 Filii
536 2478 574 2526 atti
585 2477 698 2527 wacta
716 2476 820 2526 militam
835 2478 949 2526 “dhisse
964 2479 996 2526 od
1011 2479 1110 2524 nmen
1121 2475 1167 2526 Sc.

87 2535 133 2584 Filii
142 2539 342 2604 rainilima,15c.
354 2541 437 2604 Lugd.
448 2541 509 2592 Bal.
522 2546 545 2590 l.
564 2542 610 2590 sed
623 2543 712 2604 reliqui
722 2557 738 2590 a
749 2542 881 2590 Pleuramis
891 2541 945 2607 juti
956 2555 1037 2605 usqne
1054 2541 1086 2588 ad
1107 2540 1168 2589 linae

82 2598 142 2662 lm
152 2604 273 2665 pleniores
290 2613 363 2668 sunt,
382 2611 410 2655 et
429 2605 638 2668 interpolati-⁴
658 2607 764 2655 Militem
775 2606 857 2668 Lngd.
875 2606 935 2655 Bet.
954 2609 1022 2656 1,-s
1038 2603 1170 2663 Betim

88 2664 156 2728 hugi.
169 2669 223 2719 llat.
243 2674 266 2719 l.
276 2674 302 2720 3.
313 2677 382 2722 5.-'
400 2669 554 2734 omittoque
566 2669 651 2730 Lugd.
674 2671 734 2720 Bet.
753 2675 820 2718 2.-0
835 2670 917 2720 Assos
934 2670 1017 2733 Lugd.
1036 2670 1096 2719 liat.
1109 2673 1169 2718 1.-

87 2729 141 2778 ¹1a
150 2733 178 2782 V.
189 2735 227 2784 Sc.
239 2735 356 2784 illie-⁸
373 2747 479 2784 aaran.
497 2735 575 2784 N.-·
593 2731 701 2783 Omittit
716 2734 773 2783 baec
793 2740 875 2783 matra
893 2748 974 2798 usqne
985 2733 1107 2782 adfinem
1125 2747 1168 2781 ca·

89 2791 139 2854 ritis
147 2796 208 2849 lter.
225 2799 318 2850 Habet
335 2813 399 2850 vero
409 2799 529 2863 uncus,
545 2799 590 2850 Vi.
609 2798 643 2849 Ρ.
657 2797 732 2863 sylb.
749 2805 781 2848 nt
797 2805 827 2848 et
837 2797 915 2850 codd.
932 2798 1072 2849 nostri-¹·
1087 2797 1170 2849 Aeaea

563 2943 671 2995 NOTAE

115 3051 599 3123 ¹1aoapammm11nrraqusura-
639 3056 774 3108 Plutarch.
802 3055 859 3121 ejus
888 3055 1056 3107 concubinam
1085 3057 1173 3116 vocat,

92 3129 195 3190 gerinum
207 3133 275 3183 diem
295 3133 366 3184 Flor.
383 3133 473 3185 ‘Quid
491 3134 561 3198 priris
573 3133 600 3184 in
640 3149 734 3198 nempe
751 3134 941 3198 Hypsicrctiara,
958 3148 1016 3198 qne
1036 3125 1173 3180 Mithrida·

91 3201 129 3254 bae
138 3205 222 3257 mirere
234 3208 364 3272 victoria,'
381 3210 473 3275 inquit,
488 3211 495 3235 ⁸
508 3209 602 3260 veloci·
641 3217 694 3261 tem
705 3211 732 3260 in
745 3209 834 3273 praelia
845 3208 1012 3272 sequebatur,
1024 3220 1102 3271 quare
1114 3217 1173 3256 eant

92 3284 166 3344 trien,
182 3285 245 3348 quod
263 3285 461 3351 quadragesimo
473 3285 514 3334 die
525 3291 603 3350 parta
641 3281 988 3347 Mithridateaflypeicrntesr
998 3281 1117 3332 vocabat.

93 3357 139 3404 etti
166 3373 195 3408 an
215 3359 380 3423 felicitatem,
402 3361 471 3426 qnod
492 3376 524 3411 ne
550 3375 603 3411 uua
673 3358 835 3411 'Pharnacis
843 3355 1094 3424 filiisai..serlitioae]
1119 3359 1173 3408 Per

94 3431 178 3495 quidem
204 3437 275 3485 naris
293 3438 388 3486 amissa
407 3437 460 3488 siti
488 3453 520 3488 an
540 3451 603 3488 vero
641 3436 797 3488 seditionem
820 3435 981 3501 popularium
1000 3450 1016 3483 a
1037 3435 1173 3485 Pharnace

93 3511 284 3576 perpetuitatem,
296 3511 367 3578 qnod
384 3513 492 3578 amplius
502 3513 602 3566 Piratte
642 3514 696 3564 tilio
709 3515 736 3563 in
755 3519 827 3562 turre
838 3511 958 3561 obsessus
971 3525 1097 3560 venenum
1108 3525 1175 3561 sum·

95 3583 265 3637 nonsuernnti’
643 3591 688 3650 sit,
704 3585 774 3654 quod
794 3601 853 3636 cum
872 3586 973 3636 tardius
990 3587 1097 3649 subiret,
1113 3586 1176 3651 quia

120 3661 356 3729 'NedmoproelioJ
373 3663 491 3728 ‘Regem
502 3664 603 3730 sagien·
643 3664 732 3714 multis
750 3669 828 3712 antea
848 3661 1061 3711 medicaminibus
1080 3673 1175 3728 corpo·

96 3741 137 3784 ten
152 3739 232 3789 media
251 3748 342 3789 nactus
357 3739 479 3790 Armenia
497 3741 606 3806 (quanta
643 3740 770 3800 firmarat,
782 3739 919 3788 immissum
929 3749 1105 3802 percussorem
1114 3735 1177 3788 uat-

96 3807 189 3862 lelicitar
207 3813 284 3879 viril)
304 3829 354 3863 uuo
372 3816 462 3878 praelio
481 3815 606 3867 confecit.
645 3818 698 3866 lum
709 3816 842 3865 Sithocom
859 3815 1015 3864 auctoritate
1027 3815 1113 3863 rnltns
1124 3819 1177 3865 ter-

98 3885 215 3940 Nocturna
225 3906 257 3941 ea
275 3890 407 3942 dimicatio
425 3891 484 3955 fnit,
496 3893 606 3944 etimne
646 3892 724 3942 ritum
743 3889 885 3952 revocarit,
903 3897 931 3940 et
947 3889 974 3940 in
992 3890 1090 3941 cedern
1104 3902 1178 3940 snare

98 3961 247 4027 inpartibus!
282 3967 349 4017 Flor.
369 3967 492 4019 Pretium
506 3967 606 4021 iactum
646 3981 749 4018 murrum
762 3966 917 4031 trepidantis
929 3965 1039 4031 adjuvit.
1057 3965 1159 4015 Victor.

98 4045 130 4086 est
139 4055 189 4092 ann.
199 4043 231 4092 ab
241 4043 274 4096 U.
286 4043 317 4094 C.
328 4047 384 4094 ost.
678 4049 697 4077 '¹
722 4043 802 4094 Astu
822 4041 991 4107 megisto]
1024 4040 1077 4091 Atti
1097 4051 1179 4090 annes

122 4117 202 4178 lCau
217 4117 302 4186 ποτε]
320 4119 432 4172 Uxorem
447 4119 522 4188 dicit,
531 4135 608 4188 quam
648 4125 690 4176 8⁰.
709 4121 804 4174 alttm
821 4119 867 4174 alii
876 4123 919 4174 td.
950 4114 1203 4173 uoumrmaatr
