2809 4684
198 232 243 303 aa
421 251 422 256 ¹
621 243 674 292 nn·
694 243 883 294 nurnorro

200 390 416 477 ciacconius·
442 393 553 456 tamen
582 390 617 454 in
638 390 720 454 vitis
739 389 967 456 Romanorum
990 385 1197 454 Pontificum
1226 403 1306 452 enm
1402 388 1403 467 3

199 495 314 562 tribuit
343 493 465 558 Paullo
491 493 544 556 vel
572 492 686 575 potius
712 491 838 557 loanni
859 492 1026 589 Diacono,
1046 491 1106 574 qui
1129 485 1307 555 Annstnsii

199 597 418 680 temporibus,
434 615 520 660 anno
534 596 665 660 circiter
680 596 757 661 875.
769 595 924 661 ecclesias
938 594 1116 672 annae,
1127 593 1306 660 Diaconos

200 697 274 776 luit,
290 704 326 762 et
336 697 370 760 S.
384 697 537 779 Gregorii
551 696 666 779 Magni
681 698 784 762 vitam
793 697 890 762 libris
907 715 955 762 ιν.
971 697 1181 780 conscripsit.
1203 691 1308 772 Quod
1402 762 1403 789 .

200 798 264 864 etsi
288 818 404 862 verum
419 817 493 862 esse
508 803 628 880 potest,
642 817 755 862 verum
770 804 881 864 tomen
897 817 973 862 esse
986 797 1117 862 idoneis
1131 814 1309 878 argnmen·
1402 856 1403 861 ,

200 901 244 965 tis
269 902 403 964 minime
438 903 581 964 constat.
627 899 745 964 Eidem
774 902 874 966 etiam
901 900 1026 966 loanni
1055 902 1224 977 Discedo,
1254 897 1310 963 vel

201 1000 400 1085 Landulpho
416 1001 540 1084 Sagaci
562 1001 736 1085 adjudicat
755 1002 947 1081 Labheus3·
967 1004 1103 1086 abipso
1118 1000 1308 1066 Anastasio
1402 1094 1403 1097 Ἴ

203 1101 457 1182 bibliothecario
485 1102 669 1186 profectam
694 1108 801 1196 putat⁴
815 1103 873 1168 Du
901 1102 993 1170 Pin.'’
1048 1104 1104 1170 Ex
1129 1101 1311 1168 Muratnrii

202 1204 365 1268 sententia
391 1203 512 1266 dubius
537 1205 616 1268 latet
638 1210 672 1268 et
693 1206 826 1286 ignotus
843 1211 970 1284 auctor,
984 1213 1085 1290 atque
1106 1207 1171 1270 hoc
1193 1204 1310 1270 solum
1402 1214 1403 1243 ⁴

203 1304 355 1368 affirmari
371 1313 492 1388 potest,
509 1314 587 1387 post
601 1304 772 1372 Anastasii
786 1314 937 1392 tempora
951 1329 1025 1372 eam
1039 1309 1211 1372 historiam
1227 1327 1312 1372 con·
1402 1312 1403 1381 l

202 1413 332 1489 gestam
352 1427 437 1471 esse.
484 1407 654 1491 Quicquid
683 1417 745 1486 est,
771 1417 995 1494 praeterquam
1022 1411 1113 1494 quod
1142 1411 1311 1475 rariorum
1402 1398 1403 1401 ¹

201 1503 377 1572 auctorum
406 1509 618 1574 narrationes
645 1513 709 1574 suh
733 1531 832 1576 unum
860 1519 893 1577 et
911 1513 1112 1579 ,continuum
1132 1517 1312 1595 aspectum

204 1612 311 1694 ponit,
326 1609 449 1672 utiliter
463 1612 564 1674 etiam
581 1619 694 1694 potest
709 1613 751 1676 ad
774 1613 886 1698 ipsum
901 1622 1030 1679 textum
1046 1615 1202 1698 Eutropii
1214 1614 1313 1678 adhi-
1402 1602 1403 1605 ¹

203 1712 286 1788 beri,
302 1713 438 1795 ejusque
453 1713 612 1778 lectiones
629 1714 789 1797 adjuvare
806 1726 842 1779 et
853 1715 1061 1782 confirmare.
1106 1716 1221 1794 Quare
1235 1716 1312 1779 dili-

202 1815 334 1895 gentius
363 1835 438 1878 eam
459 1815 698 1878 consulendam
722 1817 840 1898 putavi
860 1817 894 1880 in
909 1818 1148 1900 posterioribus
1163 1817 1313 1881 maxime
1402 1844 1403 1887 ῑ

204 1916 309 1992 libris,
325 1917 381 1999 qui
404 1935 449 1979 ex
470 1917 675 1994 auctoribus,
703 1917 758 1981 vel
779 1937 846 1980 non
860 1919 944 1982 satis
959 1918 1067 1982 adhuc
1081 1920 1240 1995 excultis,
1257 1918 1313 1984 vel
1402 1918 1403 1959 ³

204 2020 307 2084 ctiam
322 2021 441 2102 ignotis
456 2020 548 2083 ducti
565 2025 652 2096 sunt,
665 2024 699 2082 et
714 2020 750 2084 in
764 2022 865 2084 rebus
881 2020 993 2086 dubiis
1009 2021 1064 2085 vel
1076 2023 1230 2085 obscuris
1242 2041 1314 2084 ver·
1402 2036 1403 2043 ¹

204 2127 328 2184 santur.
374 2121 532 2184 Prostant
559 2128 671 2186 autem
701 2121 812 2202 plures
841 2123 912 2206 ejus
939 2122 1114 2199 editiones,
1141 2141 1227 2205 quas
1256 2124 1313 2187 hic

206 2223 414 2305 subjungam.
461 2221 604 2285 Parisiis
617 2221 714 2286 1531.
726 2221 759 2285 8.
798 2223 1152 2290 Basil.1569.·8.cnra
1164 2223 1314 2304 Pithoei;

206 2323 406 2404 Ingolstadii
421 2322 519 2388 1603.
537 2323 568 2388 8.
592 2342 672 2387 cura
688 2323 793 2388 Henr.
808 2323 948 2402 Carrisii,
963 2326 1022 2408 qui
1042 2327 1198 2391 etruriae
1215 2327 1316 2391 lecti·
1402 2354 1403 2359 ¹

207 2443 291 2490 ones
314 2424 454 2489 addidit.
513 2425 661 2508 Repetiit
698 2446 774 2490 earn
811 2428 1024 2493 bibliothecac
1057 2435 1188 2512 patrum
1217 2447 1315 2493 max.
1402 2468 1403 2473 κ

207 2524 420 2608 Lugdunens.
444 2545 532 2590 auno
558 2526 656 2592 1677.
700 2526 874 2591 Canisium
897 2531 1031 2612 excepit
1050 2528 1226 2616 Gruterus,
1253 2529 1316 2612 qni
1402 2524 1403 2527 ’

207 2628 371 2694 historiaed
386 2626 550 2710 Augustae
573 2631 793 2712 scriptoribus
808 2630 936 2694 Latinis
958 2631 1142 2694 minoribus
1161 2631 1316 2707 inseruit,

208 2728 377 2796 Hauoviae
395 2731 493 2796 1605.
508 2731 565 2796 fol.
613 2730 761 2796 Contulit
774 2753 850 2797 eam
863 2753 884 2797 a
898 2735 1009 2816 capite
1028 2734 1072 2798 ad
1096 2735 1223 2798 calcem
1237 2753 1317 2797 cnm

205 2832 408 2906 ⁴membranis
429 2831 605 2911 Palatinis,
630 2834 779 2909 adhibito
799 2836 899 2900 simul
919 2835 1124 2921 Theophane
1138 2835 1264 2901 Graeco
1283 2839 1318 2898 et

708 2999 818 3049 NOTAE

241 3117 251 3143 ¹
275 3109 318 3159 Ita
343 3116 418 3161 notet
441 3111 598 3162 Murstorirrs
616 3114 640 3161 in
665 3112 741 3177 praet'.
784 3115 842 3165 Nec
856 3124 942 3165 tamen
955 3115 1034 3166 fidem
1046 3123 1075 3166 et
1087 3117 1247 3180 diligentiam
1258 3115 1319 3164 Mn·

208 3185 476 3237 sdhhtmisccllam.
511 3189 639 3254 Equidem
659 3191 742 3254 ipsum
784 3190 1017 3252 ratoriiimprrgno.
1044 3191 1167 3254 Gregorii
1179 3191 1259 3238 vium
1273 3189 1319 3237 tri·

209 3264 294 3312 locoru
306 3265 332 3312 in
344 3265 430 3328 amplo
450 3266 495 3314 illo
513 3279 592 3329 opere
605 3267 743 3330 exquirere
784 3265 840 3314 hott
852 3265 943 3314 Paullo
955 3266 1051 3328 eidem,
1070 3268 1114 3330 qni
1133 3265 1319 3329 langobardo·

210 3353 261 3388 nou
284 3341 365 3402 potui.
406 3343 558 3391 ciacconius
580 3343 655 3392 Torn.
677 3357 695 3392 r.
718 3358 743 3406 p.
785 3356 841 3389 rum
863 3341 997 3391 historiam
1019 3343 1133 3405 scripsit,
1163 3343 1318 3405 sigebertus

210 3419 266 3463 bol.
285 3423 383 3464 tantum
407 3425 491 3477 notat,
514 3423 581 3466 teste
603 3417 743 3466 Anastasio
785 3416 981 3466 Gemblacennis
993 3418 1025 3465 de
1037 3419 1173 3481 scriptorr.
1184 3420 1280 3469 eccles.
1292 3435 1319 3469 c.

211 3491 418 3554 bibliothecario,
440 3495 524 3556 plures
548 3509 607 3542 eum
626 3495 744 3544 historia·
785 3497 824 3541 80.
858 3493 1238 3543 Delobsnnerid.Caviusin
1257 3495 1319 3546 hist.

211 3582 267 3616 rom
279 3568 357 3617 libros
368 3569 489 3620 eGraco
507 3571 532 3619 in
550 3571 671 3620 Latinum
683 3587 744 3621 eon·
785 3570 854 3620 liter.
864 3570 1000 3632 scriptorr.
1012 3570 1108 3620 eccles.
1118 3570 1179 3618 Vol.
1191 3583 1225 3619 rr.
1241 3585 1268 3634 p.
1277 3575 1319 3621 ol.

210 3644 326 3692 vertisse.
360 3643 489 3694 Oldoinus
508 3646 545 3695 ihi
567 3647 593 3695 in
612 3649 684 3696 novis
699 3647 744 3698 sd·
784 3644 885 3712 (Onon.
898 3644 983 3710 1⁷4³.)

211 3718 352 3768 ditionibus
364 3737 388 3782 p.
400 3725 457 3770 665.
475 3721 578 3770 brevem
597 3725 652 3786 ejus
663 3726 744 3774 vitam
817 3722 886 3770 ⁸De
907 3723 1042 3786 scriptorr.
1068 3723 1162 3772 eccles.
1190 3723 1265 3774 Tom.
1288 3737 1320 3775 rt.

210 3793 328 3852 exhibet,
353 3796 504 3854 (monachus
526 3795 575 3846 fnit
598 3799 744 3849 Carrinensis
786 3813 810 3862 p.
823 3803 879 3847 172.

211 3869 745 3937 etAnestasiibibliothecariifamiliaria)
818 3873 830 3908 ¹³
852 3875 981 3925 Nourelle
1001 3873 1063 3924 bibl.
1082 3874 1129 3924 des
1149 3880 1258 3926 auteurs
1278 3891 1321 3928 es·

212 3955 239 3998 et
258 3948 350 3997 librum
372 3950 405 3998 de
423 3950 589 4012 adrogorio
611 3952 649 4000 M.
670 3952 747 4016 Papa
787 3951 1050 4015 clesinstiques'l'om.
1061 3965 1100 4000 vr.
1113 3967 1139 4015 p.
1151 3956 1210 4004 114.

144 4027 146 4032 ’
212 4032 407 4076 commemorat.
440 4027 491 4076 Sed
509 4027 542 4077 de
563 4029 670 4078 historie
686 4029 745 4078 mis·
818 4030 918 4078 t'1¹onr.
930 4040 993 4076 xur.
1010 4031 1104 4092 psol.
1116 4042 1175 4094 sqq.

212 4103 289 4167 cells,
300 4116 332 4154 eo
343 4109 458 4168 auctore,
475 4118 507 4153 ne
517 4103 748 4171 verbumqnidem.
818 4103 831 4138 ¹
847 4103 947 4154 Pati.
957 4117 1016 4170 sqq.
