2809 4684
448 692 1053 826 nusnrnromrn

722 927 776 1008 PE

602 1093 904 1170 EUTROPIO.

544 1594 702 1662 Priscian.
726 1597 748 1660 1.
772 1616 798 1662 1.
821 1619 890 1683 cap.
912 1597 947 1662 3.

198 1751 307 1842 Qun
324 1795 344 1836 r
364 1771 544 1837 novissime
569 1792 590 1837 a
610 1771 740 1836 Latinis
758 1780 921 1850 assumta,
937 1777 1019 1855 post
1032 1791 1146 1836 omnes
1171 1772 1306 1856 ponitur

193 1877 319 1954 literas,
345 1874 469 1958 quibus
496 1873 625 1938 Lafiuae
650 1871 817 1936 dictiones
833 1879 943 1954 egent.
990 1872 1092 1952 Quod
1115 1880 1229 1937 autem
1260 1876 1305 1938 ab

195 1977 208 2039 i
234 1975 354 2060 incipit
378 1975 452 2058 ejus
475 1994 605 2050 nomen,
622 1973 767 2038 ostendit
790 1975 889 2037 etiam
914 1975 1051 2056 Sergius
1067 1975 1098 2037 in
1115 1980 1306 2039 commento

198 2079 288 2162 quod
305 2077 441 2160 scripsit
455 2075 488 2139 in
505 2075 674 2139 Donatum
689 2075 742 2137 his
758 2074 885 2139 verbis:
909 2075 1022 2140 ‘Sunt
1047 2081 1178 2160 septem
1205 2075 1307 2139 semi·

194 2179 344 2253 vocales,
369 2195 446 2260 quac
470 2179 518 2240 ita
545 2175 768 2258 proferuntur,
796 2181 834 2239 ut
857 2176 1010 2241 inchoent
1034 2177 1077 2240 ab
1101 2177 1243 2255 elitaret,
1273 2181 1308 2240 et

195 2280 351 2344 desinant
375 2278 409 2340 in
435 2277 617 2340 naturalem
633 2295 764 2354 sonum,
779 2282 819 2340 ut
830 2275 869 2363 f,
891 2276 913 2354 l,
936 2299 978 2356 m,
993 2300 1025 2359 n,
1041 2299 1071 2356 r,
1085 2299 1110 2357 s,
1125 2300 1157 2343 x.
1203 2279 1271 2344 Sed
1285 2299 1308 2342 n

197 2382 240 2445 ab
257 2379 269 2442 i
282 2378 438 2445 inchoat.¹
483 2378 525 2442 Id
540 2379 637 2442 otiam
653 2375 849 2462 Eutropius¹
863 2380 1036 2444 confirmat
1052 2381 1184 2446 dicens:
1202 2385 1212 2413 ‘
1228 2379 1308 2445 Una

197 2481 323 2564 duplex
344 2503 375 2558 r,
401 2502 476 2564 quae
489 2481 566 2544 ideo
591 2480 634 2544 ab
650 2479 662 2541 i
676 2479 806 2564 incipit,
822 2483 901 2566 quin
914 2481 1006 2567 apud
1021 2481 1163 2549 Graecos
1178 2482 1213 2546 in
1224 2501 1307 2546 ean·

199 2585 277 2648 dem
292 2583 432 2647 desiuit!

201 2765 242 2829 In
253 2751 448 2852 Fragmentis
463 2765 600 2852 antiquis
614 2765 651 2831 de
667 2765 826 2832 Mensaris
841 2777 871 2832 et
881 2765 1078 2832 Ponderibus
1088 2765 1175 2852 apud
1186 2765 1307 2850 Steph.

501 2869 534 2933 le
544 2867 669 2952 Moyne
686 2867 760 2932 Var.
775 2867 865 2933 Sacr.
875 2891 912 2953 p.
926 2869 1002 2932 5⁰2.
1249 2867 1253 2872 ’

238 3025 336 3086 Πάλιν
350 3025 382 3086 δὲ
405 3030 434 3100 ἐξ
445 3027 596 3103 Ἰστορικοῦ
619 3036 667 3084 τοῦ
689 3026 855 3101 Er’rrponr'or,
876 3023 909 3084 nir
922 3032 1082 3106 perippuoe
1095 3022 1244 3096 Παιάνιος,
1258 3049 1309 3096 ση-

196 3128 303 3200 μαίνει,
325 3123 366 3183 ὅτι
388 3128 424 3184 rie
445 3132 549 3202 σημεῖα
573 3127 658 3201 μίλια
684 3127 802 3181 καλοῦσι
814 3122 959 3200 Ῥωμαῖοι,
980 3126 1017 3180 ris
1030 3145 1056 3196 ,α
1071 3124 1127 3198 γὰρ
1140 3117 1225 3179 οὕτως
1245 3122 1309 3182 ‹tro-

197 3217 332 3298 peiores,
348 3222 488 3285 ronoiross
501 3220 613 3300 βήμασι
627 3221 865 3298 σνμμετροῦμενοι
879 3222 910 3279 τὸ
926 3228 1054 3298 σημεῖον.

240 3319 284 3376 Ex
299 3317 448 3377 Historico
461 3337 529 3376 vero
545 3317 699 3394 Eutropio,
714 3335 803 3392 quem
817 3314 993 3392 metaphrasi
1015 3322 1044 3372 et
1066 3313 1307 3390 interpretatione

200 3415 309 3474 Graeca
325 3413 447 3474 donavit
472 3412 617 3482 Paeanius,
633 3421 766 3490 apparet,
783 3411 923 3469 Romanis
946 3411 1037 3488 signa,
1052 3411 1160 3489 quibus
1175 3410 1233 3470 riae
1247 3411 1309 3470 dis·

199 3509 383 3588 tinguuntur,
408 3507 507 3566 vocari
535 3505 677 3576 milliaria,
692 3505 762 3582 quin
785 3505 863 3565 mille
885 3507 927 3566 sic
952 3516 1071 3577 vocant,
1090 3505 1141 3567 tali
1163 3526 1307 3584 passuum

200 3624 322 3664 numero
336 3605 452 3682 singula
466 3602 596 3664 milliaria
611 3611 641 3662 et
654 3601 739 3680 signa
753 3611 1034 3662 commensurantes.

698 3766 808 3816 NOTAE

233 3865 246 3910 l
265 3862 419 3925 Eutropium
447 3861 525 3912 istum
554 3876 569 3911 a
596 3863 731 3913 Priscisno
774 3865 889 3925 increpas
903 3867 936 3928 ηῑ
952 3863 1053 3914 'lacsir
1069 3865 1135 3928 φωηῖ
1156 3861 1249 3926 ἔγραψε
1269 3858 1308 3912 sal

199 3943 367 3988 memoratum
388 3937 498 3986 eundum
515 3953 574 3988 cum
586 3947 675 3989 nostro
686 3954 733 4003 pu-
773 3937 855 3988 ἄλλοις
878 3941 1010 4004 Eutropius
1026 3941 1104 3989 Italas
1115 3939 1230 4003 solino
1249 3941 1312 3990 His·

201 4018 237 4074 to,
248 4013 312 4076 qrria
324 4012 418 4062 fluidas
435 4027 493 4062 eum
512 4013 584 4075 plura
597 4014 734 4077 scripsisse
773 4016 842 4064 toria
851 4017 964 4066 Romana
976 4018 1138 4080 cnmndians
1150 4018 1248 4079 ltaliae,
1257 4016 1274 4067 i.
1283 4031 1308 4066 e.

200 4093 313 4138 testatur
328 4088 367 4138 his
381 4088 483 4138 verbis:
502 4087 637 4152 turpinus,
648 4090 661 4137 l
671 4089 733 4137 'lra-
776 4091 1088 4157 Ronmlinmscripsit
1098 4091 1188 4143 datm.
1207 4092 1291 4143 Hear.

200 4161 244 4214 λδε
261 4163 386 4231 saponis,
404 4164 450 4225 τὴν
468 4165 598 4228 ‘lunaticis
617 4163 735 4231 ‘torono
