2809 4684
209 267 255 336 ab
632 285 686 337 nu
708 283 897 336 uurnorro

208 428 589 513 warnestunense,
615 449 694 513 quae
710 429 763 493 vel
776 428 954 495 infeliciter
976 431 1031 496 vel
1043 432 1182 516 turpiter
1199 453 1222 500 a
1244 433 1315 501 Ito·

209 531 318 596 mauis
340 537 445 614 geste
465 537 572 609 eraut,
596 533 700 596 veluti
722 531 885 598 Viriathiu
898 553 1014 598 necem
1038 536 1315 603 comilioautin·

209 632 307 698 sidiis
325 632 499 716 Caepionis
524 635 696 712 intentam,
719 641 810 698 certe
830 637 892 700 ubi
918 646 1167 715 commemorat,
1193 642 1314 722 paucis

209 733 349 816 defungi
372 741 406 798 et
428 734 543 799 leviter
565 741 694 798 tantum
720 737 869 799 innuere⁰
894 738 990 803 solet.
1035 738 1077 804 In
1098 740 1168 804 illis
1192 749 1314 820 antam,

208 856 295 921 quas
309 837 414 915 affert,
429 841 612 919 temporum
628 836 745 900 seriem
758 838 908 919 seqnitur
917 839 995 917 fere,
1010 847 1049 905 nt
1062 842 1138 924 ipse
1150 842 1315 924 pmdicat

208 939 245 1004 iu
259 940 467 1024 praefatione,
491 939 555 1005 etsi
584 937 687 1002 etiam
716 937 873 1016 subinde,
896 941 1045 1005 maxime
1068 945 1126 1008 nbi
1146 945 1314 1008 variorum

209 1049 394 1120 auctorum,
413 1062 433 1106 e
456 1042 580 1124 quibus
601 1059 664 1103 sna
686 1040 811 1117 hausit,
838 1040 972 1105 diversa
995 1046 1236 1127 supputatione
1258 1045 1316 1110 de·

208 1152 327 1229 ceptus
341 1147 521 1210 oscitanter
543 1143 586 1206 ab
610 1142 675 1206 bac
700 1143 775 1223 lege
796 1143 958 1208 desciscit
979 1152 1013 1238 et
1030 1154 1239 1230 praepostera
1261 1168 1315 1214 ra-

208 1249 298 1314 tione
318 1249 463 1312 miscet.p
506 1247 561 1310 Ita
577 1245 733 1309 consules
753 1246 946 1329 praeponit,‘³
971 1250 1028 1331 qni
1046 1249 1210 1313 debebant
1234 1252 1316 1315 snb·

207 1351 449 1434 muniendam
461 1369 545 1414 anno
566 1357 697 1430 gestum
713 1347 840 1431 aliquid
855 1348 1020 1427 affirmat,¹
1033 1351 1123 1434 qnod
1145 1351 1187 1414 ad
1208 1352 1314 1416 alium

206 1454 327 1516 melius
338 1452 495 1529 retulerit,
513 1471 574 1516 nec
586 1470 728 1534 semper,
752 1452 786 1513 in
813 1451 930 1533 primis
956 1453 1020 1514 sub
1039 1452 1315 1534 imperatoribus,

206 1573 276 1640 quo
290 1555 403 1619 ordino
427 1555 558 1636 singula
582 1571 619 1617 se
643 1559 846 1637 exceperunt
859 1559 893 1616 et
906 1559 1091 1618 consecuta
1104 1561 1190 1631 sunt,
1206 1555 1315 1637 ponit,

206 1657 307 1722 etrel
322 1676 397 1721 sero
413 1657 574 1739 appendit
586 1655 663 1732 alia,
682 1656 739 1720 rel
763 1655 877 1738 inepte
900 1655 1055 1720 obtrudit.
1101 1655 1142 1718 In
1167 1657 1314 1722 transitu

208 1765 318 1826 autem
334 1759 378 1824 ad
393 1779 446 1822 res
461 1777 567 1822 novas
579 1759 669 1821 varie
684 1760 769 1822 solet
780 1763 911 1840 tempus
926 1757 1084 1836 indicare,
1095 1758 1315 1843 formatisque

207 1862 279 1928 suis
301 1864 359 1939 uti,
380 1881 519 1945 quarum
545 1868 658 1924 tamen
682 1859 806 1942 aliqum
827 1859 941 1922 laxius
961 1858 1082 1922 valent.
1126 1859 1184 1922 lta
1210 1860 1315 1924 eodem

206 1973 340 2049 tempore
366 1964 494 2027 factum
520 1962 647 2047 aliquid
664 1962 807 2038 scribit·
825 1962 885 2025 ubi
906 1961 966 2024 alii
990 1960 1120 2044 aliquot
1139 1981 1314 2041 anrmrnm,

206 2067 310 2132 veluti
324 2065 448 2144 bianii,⁸
472 2071 529 2130 aut
553 2065 712 2148 plurium¹¹
729 2083 889 2159 annornm
911 2063 1056 2147 spatium
1077 2066 1312 2148 interponunt.

207 2166 316 2232 Alibi²
328 2179 397 2250 poet
422 2189 489 2231 eum
514 2169 618 2231 latius
638 2168 733 2245 dicit,
755 2166 845 2249 qnod
861 2165 904 2230 ad
919 2168 1107 2248 proximum
1133 2187 1313 2232 successo·

206 2287 274 2333 rom
285 2271 371 2333 male
390 2270 514 2352 aliquis
528 2269 686 2344 retulerit,
701 2276 736 2332 et
749 2268 959 2352 Verbeykins
981 2267 1038 2332 vel
1058 2289 1102 2332 ex
1127 2269 1253 2333 lacuna
1273 2270 1314 2334 li·

205 2371 389 2435 brariorum
401 2370 485 2434 vitio
499 2375 583 2446 orta,
597 2370 650 2434 vel
662 2389 707 2433 ex
725 2389 831 2452 prava
850 2369 1005 2452 Eutropii
1025 2371 1185 2453 opinione
1201 2371 1314 2454 expli·

204 2471 352 2536 candum
367 2479 463 2555 putat
518 2471 584 2534 Sed
606 2473 697 2534 etita
712 2470 748 2534 in
761 2471 880 2535 eodem
892 2471 968 2535 loco
983 2473 1086 2553 paulo
1104 2473 1240 2554 quidem
1262 2475 1313 2538 in·

204 2571 307 2636 terius
322 2574 465 2656 ponitur,
480 2578 513 2636 et
532 2573 613 2656 poni
633 2579 758 2655 potest,
778 2579 816 2636 ut
835 2572 1008 2655 praeteritis
1032 2572 1086 2648 iis,
1113 2593 1191 2655 qum
1213 2575 1315 2638 inter·

201 2673 413 2757 jacuerant,
432 2673 641 2738 festinantius
656 2675 699 2736 ad
715 2673 922 2754 superiorum
937 2673 1076 2749 exitum,
1093 2675 1145 2737 vel
1160 2674 1205 2737 ad
1219 2675 1315 2738 simi·

205 2777 285 2841 lium
294 2779 487 2840 'connexum
502 2776 657 2839 deducat.
703 2773 773 2836 Ubi
795 2775 870 2855 ipse
889 2779 1021 2857 tempus
1035 2775 1081 2837 rei
1096 2781 1200 2856 gestae
1216 2777 1313 2858 igno·

204 2893 299 2940 rasse
323 2878 463 2953 videtur,
488 2877 541 2941 vel
566 2875 702 2940 omuino
730 2881 857 2938 tantam
886 2893 932 2938 ex
962 2874 1194 2958 adjunctarum
1220 2896 1313 2942 com·

204 2979 441 3042 memoratione
470 2983 585 3041 notare
613 2976 735 3052 voluit,
764 2975 876 3039 dicere
907 2978 992 3041 solet
1015 2999 1076 3060 per
1103 2977 1138 3040 id
1165 2987 1313 3063 tempus!

205 3085 372 3152 Usitatius
400 3097 510 3150 tamen
534 3085 620 3149 banc
644 3087 736 3150 viam
757 3088 892 3166 insistit,
915 3095 953 3152 nt
975 3089 1037 3151 sub
1059 3091 1194 3168 regibus
1217 3094 1313 3171 gesta

204 3188 429 3272 descriptione
454 3186 613 3270 temporis
634 3189 764 3250 omissa
784 3207 850 3251 nno
868 3189 997 3254 ambitu
1012 3193 1202 3255 summatim
1217 3210 1311 3256 com·

203 3289 382 3371 plectatur,
399 3294 487 3374 post,
501 3289 545 3352 iis
572 3288 715 3366 exactis,
732 3289 811 3352 dum
828 3289 933 3353 libera
955 3291 1061 3371 viguit
1083 3311 1137 3354 res
1159 3291 1310 3374 publico,

203 3389 247 3453 nd
260 3409 377 3456 necem
392 3410 497 3474 usque
510 3389 532 3454 J
535 3390 595 3454 ulii
607 3388 769 3469 Gaesans,
786 3409 891 3455 annos
913 3392 968 3457 vel
992 3411 1014 3456 a
1033 3391 1235 3458 Consulibus
1251 3394 1310 3459 de·

700 3619 807 3671 NO'l'AE

235 3774 249 3801 ⁸
265 3780 303 3817 rr.
321 3770 409 3817 lta—⁰
424 3767 487 3818 vid.
500 3781 531 3818 ιι.
548 3773 575 3831 9,
585 3772 626 3818 2⁰.
810 3771 818 3800 ¹
833 3782 864 3819 ιι.
877 3773 917 3819 11.
929 3769 964 3819 in.

234 3841 304 3894 tCt’.
315 3841 349 3892 sd
358 3856 396 3893 rr.
406 3847 430 3895 9.
440 3843 475 3894 lu.
808 3852 874 3896 'vn
898 3851 936 3895 11.
965 3843 1008 3894 Sic
1026 3843 1170 3908 interjectu
1200 3844 1309 3909 omittit,

233 3925 301 3968 ιιι.
323 3923 364 3969 21.
394 3919 430 3968 in.
465 3919 633 3986 Praeportern
654 3923 735 3975 etiam
775 3927 947 3984 extremaque
958 3919 1032 3984 pouit
1043 3919 1113 3971 alibi.
1125 3919 1167 3971 Cf.
1179 3935 1204 3970 v.
1215 3926 1243 3972 8.

201 3993 293 4047 ordine
308 4008 350 4045 res
362 4001 451 4046 narrat
463 4010 486 4048 r.
503 4000 528 4048 a.
808 4003 821 4030 ¹
838 4010 876 4046 ιιι.
893 4001 933 4046 17.

232 4079 243 4107 ¹
258 4086 302 4123 ιιι.
318 4075 345 4123 t.
807 4080 819 4115 1
834 4073 896 4124 th.
908 4087 946 4125 ιι.
959 4077 1001 4125 11.
1017 4073 1054 4125 in.
1065 4087 1094 4125 x.
1104 4077 1130 4126 t.
1146 4075 1183 4125 iu.
1196 4088 1240 4127 rx.
1251 4081 1293 4129 ¹1.

232 4152 327 4201 ·ιι.9.
