2809 4684
429 807 887 908 SERENISSIMO

263 1113 1033 1236 DELPHINO

559 1411 596 1478 S.
620 1413 663 1479 P.
687 1413 734 1480 D.

188 1671 347 1748 ANNA
378 1673 710 1764 TANAQUILLI
743 1673 910 1754 FABRI
944 1679 1102 1756 FILIA·

512 1963 784 1982 -ῌ

95 2219 212 2310 Arcu
233 2243 417 2330 Antiquos,
433 2263 509 2310 cum
522 2245 599 2330 quis
615 2247 686 2325 arti,
708 2261 809 2331 qnam
824 2248 1052 2332 profitebatur,
1066 2248 1197 2316 valedi-

95 2365 166 2410 cere
180 2347 291 2424 vellet,
308 2347 439 2411 solebat
463 2345 518 2410 illc
543 2347 656 2410 omnia
680 2350 762 2412 artis
788 2367 861 2414 suae
876 2350 1092 2416 instrumenta
1107 2351 1195 2430 lieo,

94 2447 149 2530 qui
174 2449 284 2514 eidem
309 2447 523 2532 praesidebat,
547 2445 712 2526 dedicare,
727 2467 832 2532 eaque
856 2448 930 2533 ejus
945 2452 1071 2533 templo
1086 2471 1196 2535 appo·

93 2567 171 2614 nere.
219 2550 330 2613 Simili
343 2549 467 2614 ratione
481 2567 568 2612 nunc
582 2547 709 2612 Tecum
722 2569 817 2632 agere
832 2547 976 2628 decrevi,
989 2551 1194 2618 Dsnrrrrrrn

94 2647 367 2715 Snaaarssrnn:
389 2651 445 2714 hic
459 2649 538 2714 Tibi
564 2647 667 2715 Musa
688 2659 803 2717 nostru
816 2651 939 2717 Latina
964 2653 1101 2732 desinet,
1113 2673 1195 2736 qnae

94 2750 181 2814 aTe
207 2753 410 2834 principium
437 2753 576 2831 sumsit,
592 2773 737 2836 quaeque
756 2761 890 2838 propter
911 2754 963 2818 To
986 2756 1097 2818 solum
1118 2773 1195 2820 sese

92 2850 277 2916 hominibus
291 2852 463 2918 ostendere
487 2873 554 2918 non
579 2855 686 2920 verita
710 2863 773 2921 est.
818 2854 908 2920 Olim
934 2855 1069 2937 quidem
1094 2855 1194 2938 quasi

92 2951 246 3018 lusoriam
272 2974 409 3037 operam
431 2955 537 3020 literis
562 2958 697 3036 navari,
711 2957 805 3022 nulla
829 2957 1013 3039 cupiditate
1027 2957 1193 3038 scriptum

94 3053 225 3136 aliquod
241 3055 351 3134 edere,
371 3061 405 3120 et
418 3057 468 3119 sio
492 3059 528 3120 in
549 3077 608 3121 ora
621 3058 791 3120 hominum
805 3059 997 3138 perrenirc;
1021 3057 1082 3119 sed
1097 3060 1193 3139 post·

94 3173 188 3237 quam
203 3158 245 3222 ab
262 3156 489 3222 Invictissimo
506 3163 563 3222 tuo
576 3157 732 3237 Parente,
746 3159 986 3222 institutionem
1001 3165 1095 3220 tuam
1109 3176 1192 3240 qno·

95 3257 266 3338 quomodo
285 3258 414 3342 juvare,
437 3264 471 3322 et
485 3258 632 3323 studiola
644 3279 721 3323 mea
734 3260 771 3323 in
782 3279 878 3324 usum
893 3265 989 3322 tuum
1004 3263 1192 3324 convertero

90 3355 183 3437 jussa
208 3379 295 3436 sum,
320 3357 470 3422 mihimet
497 3357 615 3423 deesse
640 3380 708 3423 non
732 3361 835 3442 potui,
857 3359 937 3442 quin
959 3377 1081 3422 munus
1106 3359 1191 3424 illud

93 3457 167 3521 mihi
190 3458 560 3524 honorificentissimum
583 3463 748 3524 sustinere
772 3479 918 3524 conarer.
962 3459 1063 3542 Coepi
1077 3459 1192 3545 itaquo

94 3575 154 3621 reru
172 3559 292 3624 seriam
318 3559 463 3642 aggredi,
487 3566 520 3624 et
545 3563 654 3644 primo
680 3563 816 3644 quidem
830 3560 1038 3625 Historicum
1054 3559 1191 3625 Florum

93 3661 150 3723 sub
166 3661 329 3744 auspiciis
354 3662 419 3725 tuis
443 3663 551 3738 emisi,
575 3663 693 3727 deinde
710 3663 837 3747 Dictyn
852 3661 1056 3742 Cretensem,
1071 3667 1192 3746 postea

92 3761 225 3826 Sextum
251 3761 428 3827 Aurelium
441 3763 627 3842 Victorem,
654 3768 688 3827 at
711 3783 800 3827 nunc
825 3764 959 3828 tandem
981 3763 1189 3845 Eutropium.

7 3887 10 3920 r
91 3859 217 3938 Fateor,
234 3863 439 3927 Dnnrrrrun
456 3863 729 3942 Suauuresrurn,
748 3884 792 3928 ea
806 3884 866 3948 spe
879 3885 932 3928 me
948 3865 1006 3928 diu
1022 3865 1188 3931 oblectare

90 3979 150 4025 non
162 3965 269 4046 potui,
285 3965 354 4028 fore
377 3971 416 4028 ut
440 3964 534 4030 haece
550 3963 852 4028 commentationes
866 3963 946 4029 'libi
958 3965 1097 4029 multum
1110 3985 1190 4050 pro·
1307 3971 1317 3990 ⁰

91 4060 181 4129 desse
194 4071 343 4149 possent.
389 4063 476 4130 Mihi
491 4086 567 4132 eam
591 4065 725 4130 laudem
746 4067 923 4150 praeripuit
943 4066 1108 4133 industria
1130 4072 1191 4132 tua

150 4179 423 4245 nupserimus.
592 4183 695 4246 emp.
1096 4181 1124 4230 A
