2809 4684
176 201 201 266 8
571 215 620 264 nr
644 215 835 271 uurnorro

178 358 265 442 gitur
278 376 339 442 pro
353 353 579 435 Kouravrlrou,
596 355 688 440 quod
702 361 736 420 et
749 361 840 421 recte
854 357 954 422 habet
968 355 1051 423 coc.
1065 357 1283 438 Vaticanus,d

176 467 208 525 et
222 467 340 546 praeter
350 467 627 524 commentatores
639 459 831 524 emendavit
843 459 1013 524 Hearnins
1022 459 1067 524 ad
1083 460 1283 526 testimonia

175 571 324 628 veterum
339 564 380 626 de
397 561 568 644 Eutropio,
583 561 723 624 editioni
736 563 923 644 praemissa.
968 561 1172 626 Habuerunt
1192 563 1282 627 enim

177 665 416 748 Imperatores,
442 665 500 747 qui
524 663 689 748 epistolas
712 665 905 741 scriberent,
931 664 967 728 in
992 666 1113 748 quibus
1134 667 1282 728 mentem

176 785 271 832 suam
296 773 353 830 aut
380 767 583 830 voluntatem
613 767 685 828 sine
721 765 865 849 supplici
893 766 1006 831 libello
1034 771 1092 829 aut
1118 765 1282 830 relatione

175 869 310 950 publice
331 869 556 946 declarabant,
582 866 716 931 Latinis
741 867 821 932 dicti
844 867 1080 951 Epistolares:
1100 873 1136 932 et
1155 867 1281 932 diversi

176 970 220 1034 ab
247 970 466 1052 epistolarum
495 971 675 1050 magistris
707 971 834 1052 quippe
862 971 979 1054 quiin
1008 971 1114 1034 sacris
1143 967 1280 1033 scriniis

175 1071 389 1154 epistolarum
403 1072 604 1147 militabant,
619 1059 655 1134 et
667 1071 849 1154 legationes
873 1071 1060 1150 civitatum,
1082 1071 1281 1136 consultati·

177 1191 258 1236 ones
273 1179 307 1236 et
322 1193 439 1256 preces
460 1167 672 1236 tractabant.f
712 1173 768 1236 Ita
781 1192 861 1237 vero
883 1178 1156 1238 commemoratur
1169 1172 1193 1236 J
1195 1172 1281 1236 usti·

174 1273 267 1336 niani
282 1271 523 1358 ἒπιστολογράφος
545 1271 750 1336 Plutarchus
764 1292 786 1336 a
801 1273 961 1352 Codino,⁸
973 1281 1005 1338 et
1019 1274 1077 1338 alii
1089 1275 1219 1358 passim
1234 1274 1278 1337 ab

175 1370 261 1438 aliis.
306 1373 362 1437 An
387 1374 476 1438 idom
498 1373 596 1438 fuerit
615 1372 808 1455 Eutropius,
831 1394 930 1458 quem
953 1372 1099 1459 portum*
1125 1373 1280 1456 Eutropii

174 1474 364 1538 condidisse
386 1475 502 1538 scribit
522 1470 727 1558 Anonyrnusi
758 1474 801 1538 de
815 1477 1072 1560 antiquitatibus
1086 1476 1280 1541 Constanti-

173 1553 386 1657 nopolita'nis,
409 1583 442 1639 et
460 1575 676 1658 Imperatoris
699 1576 912 1642 Constantini
934 1585 1086 1661 tempore
1106 1600 1278 1661 sparma-

175 1674 285 1762 sapori
305 1685 337 1742 et
363 1675 537 1762 Κοιαίστορα
562 1675 805 1761 (Quaestorem)
828 1679 920 1758 iacit,
944 1681 1082 1745 dubium
1099 1685 1152 1745 est
1177 1684 1213 1744 et
1227 1680 1277 1742 in·

174 1784 314 1841 certum.
359 1779 449 1842 Nam
468 1798 532 1842 non
554 1778 662 1842 solum
677 1779 727 1842 ibi
751 1779 835 1842 Cod.
856 1778 986 1863 Regius
1000 1782 1034 1846 2.
1048 1782 1150 1864 legit:
1173 1781 1202 1844 ir
1220 1782 1277 1852 τοῖς

171 1876 284 1962 χρόνοις
304 1880 424 1956 Ζήνωνος
443 1877 491 1940 καὶ
511 1875 704 1941 'Anastasiou
724 1885 780 1942 τῶν
798 1879 955 1960 βασιλέων,
971 1883 1032 1948 sed
1044 1890 1078 1947 et
1090 1883 1212 1948 diserte
1227 1883 1277 1946 sic

173 1979 269 2043 affert
295 1977 472 2044 Codiuus.k
516 1979 606 2044 Ante
632 1981 816 2047 Justiniani
841 1988 950 2048 tamen
971 1990 1122 2068 tempora
1141 1990 1277 2068 portum

173 2101 214 2144 eo
230 2084 362 2146 nomine
376 2082 483 2146 luisse
507 2082 604 2148 docet
626 2083 787 2166 Procopii
808 2086 904 2149 locus
926 2085 960 2149 in
981 2088 1070 2150 notis
1094 2087 1277 2150 indicatus

174 2181 299 2246 Postea
311 2191 423 2248 noster
438 2185 616 2249 comitatus
631 2190 682 2249 est
691 2185 715 2249 J
718 2186 868 2251 ulianum
881 2188 917 2251 in
931 2187 1146 2270 expeditione
1160 2190 1278 2250 contra

672 2401 780 2454 NOTAE

204 2534 293 2586 lvid.
317 2537 471 2588 anbeclur
493 2538 525 2587 nd
562 2537 654 2591 Codiu.
677 2556 702 2604 p.
745 2555 777 2593 rr.
794 2542 873 2592 lettre
882 2545 923 2591 15.
941 2554 967 2604 p.
977 2554 1012 2589 m.
1021 2542 1078 2589 lis.
1093 2535 1149 2603 (ed.
1169 2551 1186 2587 a
1203 2535 1277 2600 Lyon

172 2617 228 2663 109.
245 2612 430 2662 etBandurius
441 2614 474 2664 ud
491 2616 653 2680 Anonymum
673 2618 703 2666 il·
744 2619 864 2681 11118.)

170 2690 223 2736 lurn
237 2704 262 2752 p.
274 2691 331 2736 354.
349 2688 414 2737 Ven.
433 2689 477 2752 qui
489 2698 575 2753 notat,
593 2691 619 2740 in
637 2693 703 2744 Cod.
775 2696 782 2730 ¹
798 2711 840 2746 ιιι.
852 2710 878 2759 p.
889 2699 929 2743 52.
939 2689 1032 2758 (Van.)

171 2766 253 2828 Regio
265 2769 288 2814 2.
300 2764 352 2826 legi
362 2763 538 2834 πηλογρᾶφοε,
548 2770 592 2834 qui
605 2771 704 2831 titulos,
774 2769 1010 2837 1ιιριποσπαθάρως
1039 2767 1136 2832 passim
1163 2782 1275 2818 somnie-

171 2841 353 2905 inscriptiones
365 2841 439 2892 facit.
473 2845 524 2892 Sed
533 2843 642 2908 excidit,
649 2847 703 2910 opi·
743 2856 859 2898 moratur
870 2849 902 2897 ab
921 2847 1014 2896 iisdem
1025 2842 1183 2904 unctoribus,
1203 2845 1276 2892 etin

168 2933 226 2982 nor,
239 2917 286 2982 tvl,
298 2921 456 2984 accessitque
469 2928 530 2985 post
542 2924 686 2986 corruptio.
744 2923 897 2974 officialibus
917 2922 1015 2972 Palatii
1036 2919 1277 2981 constantinopoli·

202 2995 289 3045 ⁰Vid.
306 2995 349 3044 Du
370 2997 466 3045 Presne
487 2998 565 3060 gloss.
584 2999 609 3048 b.
631 3013 656 3048 v.
674 3007 702 3049 et
744 2999 1110 3062 tnniponitnrncodinocap.
1122 2995 1277 3060 tudonem

170 3069 313 3120 Gutlrerius
322 3071 355 3119 de
366 3069 458 3121 officiis
475 3071 565 3122 donnus
578 3073 701 3138 Augustus
743 3075 832 3124 docuit
844 3075 956 3134 Gnarus,
969 3073 1120 3137 spatharios
1130 3086 1188 3121 esse
1198 3071 1276 3120 ratel-

168 3160 199 3196 ιι.
212 3151 254 3197 21.
742 3151 814 3212 lites,
828 3149 914 3212 spallo
925 3162 987 3197 ense
998 3154 1119 3209 armatos,
1129 3149 1211 3210 iprum
1222 3161 1277 3210 rpu-

202 3220 211 3255 s
226 3225 284 3272 Vld.
298 3224 440 3274 Gutlrerins
452 3239 475 3274 c.
488 3225 506 3274 l.
517 3239 538 3275 ι.
549 3229 590 3276 26.
613 3225 657 3275 ubi
669 3225 701 3276 de
742 3227 809 3274 tltuur
818 3226 932 3288 gladium
941 3226 1061 3274 latiorem
1077 3223 1204 3288 (gladium
1221 3237 1276 3273 rua-

168 3300 218 3349 lroc
239 3301 387 3350 discrimine
407 3302 516 3366 monuit,
536 3309 564 3352 et
583 3303 701 3368 inprimis
737 3302 823 3367 joreur
843 3309 919 3352 vocat
939 3301 1066 3365 vegetior
1085 3313 1116 3349 ιι.
1126 3297 1180 3362 la)
1196 3299 1242 3363 qui
1259 3313 1275 3348 a

168 3377 202 3426 de
212 3377 315 3426 illorum
328 3377 415 3426 officio
425 3391 468 3426 ιιι.
480 3382 506 3426 A.
742 3379 931 3429 recentioribus
947 3376 1051 3426 nector
1067 3387 1093 3426 et
1111 3373 1184 3423 null
1201 3389 1275 3425 voce·

201 3461 214 3496 ⁸
230 3455 274 3502 lle
283 3453 375 3516 origin.
388 3455 552 3504 Constantio.
563 3469 588 3518 p.
598 3459 640 3505 51.
740 3461 791 3504 tur.
824 3454 884 3504 Vld.
900 3462 929 3503 et
944 3455 990 3503 Du
1002 3453 1100 3502 Frerne
1111 3453 1137 3501 iu
1150 3453 1274 3516 glossario

202 3527 318 3594 ¹¹Hujus
331 3539 420 3594 portus
430 3532 515 3594 plures
525 3533 699 3582 meminerunt
740 3529 934 3579 media-Latin.
964 3528 1012 3576 sub
1042 3527 1150 3576 vocibus
1179 3529 1274 3578 Proto·

169 3607 322 3669 posterioris
332 3607 381 3654 aevi
391 3612 516 3654 arretores.
529 3607 615 3670 Prope
625 3607 700 3656 Chal·
740 3605 887 3668 spatharius
899 3613 926 3652 et
938 3603 1103 3666 Spatlrurinr,
1114 3608 1142 3652 et
1153 3603 1273 3653 Lubbeus

169 3683 294 3731 cedonenr
312 3681 391 3731 tuisse
415 3682 524 3730 discitur
545 3697 578 3730 ex
598 3683 700 3733 zonara
739 3680 767 3728 iu
778 3680 847 3728 notis
858 3679 890 3726 ad
901 3678 980 3727 Micb.
998 3677 1111 3740 Glycnm
1128 3677 1224 3728 Annal.
1241 3678 1273 3729 Ρ.

168 3771 227 3808 xrv.
247 3761 287 3808 14.
304 3771 354 3806 uon
377 3758 466 3820 procul
486 3759 519 3804 ab
548 3757 646 3808 Herae
665 3773 699 3808 err
739 3760 765 3805 l.
784 3759 878 3818 paea.
894 3754 949 3819 (ed.
961 3751 1039 3816 Ven.)

168 3833 299 3897 Procopio
318 3831 352 3882 de
371 3831 441 3882 redis.
463 3847 482 3882 ι.
504 3837 545 3882 11.
578 3835 621 3883 De
647 3836 699 3885 ritu
771 3829 841 3884 tue
863 3831 956 3894 origin.
975 3830 1113 3881 coustant.
1131 3843 1156 3880 e.
1172 3828 1191 3878 1.
1210 3843 1272 3894 pq.

168 3912 225 3974 ejus
248 3917 369 3960 accurate
390 3909 515 3972 exposuit
534 3909 636 3974 Gyllius
665 3911 698 3960 de
737 3911 778 3958 4⁰.
797 3906 833 3957 cl.
849 3907 929 3957 etiam
945 3905 1094 3955 Bandurius
1113 3904 1148 3955 od
1166 3904 1272 3969 Anony-

168 3989 303 4052 Bospboro
322 3987 431 4037 Thracio
449 3999 491 4036 ιιι.
512 3991 550 4038 11.
567 3985 602 4038 cf.
618 3987 699 4038 etiam
737 3999 807 4034 mum
818 3985 889 4036 illum
900 4000 927 4049 p.
936 3987 996 4037 139.

85 4101 93 4116 .
165 4063 321 4116 Tournefort
333 4063 444 4128 Voyrge
462 4062 498 4113 du
507 4064 608 4114 Levant
624 4063 699 4114 Torn.
