2809 4684
207 247 251 318 Id
627 269 677 318 un
700 259 891 320 uurrorro

205 413 410 478 existimant.
438 473 441 482 ,
463 412 612 477 Eandem
641 415 743 477 etiam
771 434 923 493 causam,
948 435 1008 482 cur
1034 417 1195 484 Maniae
1218 440 1242 486 a
1269 441 1307 485 se

206 512 401 597 Eutropium
416 513 449 576 in
467 512 594 578 iuliani
610 514 682 578 vita
699 513 890 598 discrepare
904 517 1040 595 scribat,
1055 540 1121 583 non
1136 527 1256 585 temere
1269 523 1307 585 in

203 615 292 680 notis
308 617 501 697 suspicatur
516 613 743 693 ChilmeaduS,
754 617 933 701 studiique,
949 621 978 681 si
998 617 1205 686 Christianus
1223 623 1308 686 fuis·

205 724 266 796 set,
281 717 405 781 indicia
418 719 454 780 in
469 717 550 781 vitis
571 715 777 782 Diocletiani
801 726 834 785 et
856 718 1063 784 Constantini
1077 731 1240 805 repertum
1265 725 1306 789 iri

204 814 456 882 'tillemontiusi
494 817 583 882 Inter
607 825 783 901 utramque
805 822 996 903 opinionem
1014 822 1191 886 fluctuatur
1205 824 1307 888 Boni-

203 917 333 999 iacius,³'
351 940 412 983 nec
426 921 550 1004 liquere
563 925 669 1004 putat,
684 940 785 1003 quam
799 922 988 1004 religionem
998 922 1171 1006 professus
1189 923 1307 1005 fuerin

204 1021 330 1107 quippe
344 1022 436 1106 quod
459 1023 494 1085 in
518 1023 699 1087 colliminio
714 1019 927 1088 tenebrarum
940 1031 973 1087 et
992 1025 1077 1088 lucis
1093 1024 1308 1104 constitutus,

202 1143 266 1190 nec
292 1143 496 1207 paganorum
518 1127 600 1188 ritus
624 1127 793 1208 probaret,
815 1145 875 1190 nec
900 1124 1032 1189 Christo
1058 1134 1165 1190 tamen
1187 1146 1307 1190 nomeu

203 1224 282 1290 dare
311 1227 456 1290 auderet.
511 1226 578 1290 Sed
606 1225 732 1289 dirimit
758 1227 1031 1309 disceptationem
1060 1226 1150 1290 illam
1172 1247 1306 1310 remque

202 1334 313 1410 aperte
328 1335 466 1393 testatur
481 1327 515 1392 N
517 1328 695 1410 icephoms
709 1322 907 1407 Gregoras}
926 1328 983 1410 qui
999 1328 1091 1405 illum
1102 1332 1203 1391 vocat
1214 1330 1307 1390 ἀλλι-

204 1428 295 1504 ctare
311 1427 456 1518 θρησκείας
468 1429 615 1516 τρόφιμον,
630 1437 663 1494 et
672 1430 708 1494 vi
728 1430 804 1493 sola
816 1430 967 1492 veritatis
980 1429 1081 1492 ictum
1096 1426 1307 1494 Constantini

203 1529 254 1596 M.
277 1533 415 1598 virtutes
435 1533 638 1616 praedicasse
663 1533 792 1607 scribit,
813 1531 848 1594 in
871 1549 913 1593 eo
937 1529 1072 1614 quidem
1095 1531 1216 1613 majori
1238 1529 1305 1594 tide

202 1633 350 1717 dignum,
376 1636 422 1696 tal
438 1637 470 1696 τὸ
489 1639 539 1710 τῆς
561 1629 709 1718 θρησκείας
727 1629 907 1708 ἀκοινώνητον
927 1630 976 1692 καὶ
999 1629 1150 1708 ἡλικιώτην
1168 1635 1236 1713 ἁμοῦ
1254 1630 1304 1693 καὶ

201 1734 526 1826 αἶςεσιῶτηνἸουλιαιοῦ
545 1731 723 1819 γεγενέσθαι.
767 1732 952 1816 Eutropius
971 1740 1080 1798 autem
1098 1732 1306 1798 Christianos

200 1837 362 1902 habemus
392 1839 488 1916 alios,
514 1858 536 1902 a
555 1843 671 1902 nostro
706 1837 804 1919 plane
827 1833 989 1912 diversos,
1015 1836 1059 1900 de
1081 1835 1305 1923 quibuscum

201 1939 347 2005 alienum
363 1941 407 2005 sit
421 1960 443 2005 a
456 1959 530 2004 meo
547 1938 687 2002 consilio
703 1936 882 2014 disserere,
895 1936 954 2018 qui
966 1955 1165 2018 cognoscere
1180 1937 1304 2019 cupiat,

199 2040 373 2107 commode
388 2041 561 2106 consulere
572 2039 696 2124 poterit
711 2034 929 2102 Fabricium.¹

663 2253 768 2320 CAP.
798 2254 845 2319 V.

519 2425 568 2472 Dii
590 2421 760 2471 SClllP'l'lS
785 2423 978 2472 adracen.

243 2539 436 2606 Iasorum
444 2541 590 2606 maxime
601 2539 783 2623 Eutropius
791 2539 956 2604 breviario
965 2539 1112 2605 historiae
1124 2537 1302 2616 Romanae,

198 2643 234 2711 in
250 2642 364 2706 decem
377 2642 483 2707 libros
496 2641 676 2724 descripto,
691 2640 782 2724 quod
794 2639 1012 2724 Imperatoris
1026 2639 1180 2705 Valentis
1190 2641 1302 2724 jussu,

198 2750 237 2808 ut
250 2745 323 2828 ipse
338 2745 371 2807 in
382 2745 573 2827 praefatione
588 2743 742 2822 affirmat,
758 2744 917 2822 coniecit,
932 2748 964 2807 et
978 2741 1054 2806 inde
1069 2743 1113 2806 ab
1126 2743 1209 2806 urbe
1223 2762 1303 2806 con·

198 2844 280 2923 dita,
296 2844 341 2909 ad
366 2843 518 2910 Valentis
542 2851 693 2929 tempora
718 2844 871 2922 deduxit,
896 2844 1022 2926 quippe
1044 2843 1235 2925 inquibus,
1257 2841 1303 2906 ad

198 2945 380 3010 uberiorem
407 2951 441 3009 et
464 2948 661 3010 ornatiorem
687 2944 861 3009 historiam
890 2950 1141 3026 separaturus,
1166 2943 1300 3010 desinit.
1402 3014 1403 3023 χ

197 3046 236 3110 Si
251 3045 415 3112 Codicum
430 3048 637 3130 quorundam
659 3049 763 3112 lectio
789 3052 966 3124 constaret,
984 3047 1019 3108 in
1034 3045 1157 3127 quibus
1171 3043 1301 3110 Valens
1402 3048 1403 3129 J

201 3139 349 3212 Gothicus
364 3153 511 3224 vocatur,
526 3147 635 3211 editus
649 3148 749 3212 fuerit
762 3149 818 3213 hic
832 3148 917 3211 liber
935 3153 1015 3228 post
1032 3165 1154 3210 anuum
1170 3143 1209 3209 C.
1224 3147 1301 3212 376.
1402 3206 1403 3215 ,

197 3268 264 3330 quo
283 3249 395 3313 foedus
412 3269 489 3312 curn
505 3247 628 3312 Gothis
651 3249 728 3313 iniit
753 3247 892 3326 Valens,
907 3252 940 3311 et
964 3255 1038 3311 ante
1054 3266 1108 3311 an.
1133 3247 1209 3312 378.
1231 3267 1298 3332 quo

197 3347 329 3412 occidit.
375 3346 424 3411 At
437 3349 638 3430 refragantur
651 3353 778 3413 tantum
799 3369 865 3414 non
877 3368 991 3412 omnes
1004 3350 1084 3411 boni
1103 3347 1248 3412 Codices
1266 3353 1300 3411 et

195 3448 358 3514 editiones
372 3450 520 3533 antiquae
536 3455 612 3513 autc
638 3449 895 3529 Schonbovium,
917 3450 968 3514 ita
986 3456 1024 3515 ut
1045 3449 1205 3534 temporis
1219 3448 1297 3513 iude

695 3631 803 3682 NOTAE

228 3747 240 3781 ¹¹
265 3745 298 3797 In
319 3749 454 3816 chronogr.
476 3751 523 3802 lib.
547 3765 611 3804 xnr.
639 3769 665 3818 p.
685 3759 726 3805 ll.
766 3759 831 3804 terr.
842 3753 936 3803 eccles.
947 3767 973 3802 n.
990 3757 1031 3803 att.
1046 3767 1072 3817 p.
1082 3755 1107 3803 7.
1123 3749 1190 3818 (rid.
1210 3750 1238 3800 in
1250 3753 1298 3801 Fa·

195 3824 287 3893 (Ven.)
410 3851 415 3858 ·
766 3833 842 3882 bricii
859 3833 920 3881 trist.
942 3830 1050 3896 eccles.)
1073 3846 1111 3893 se,
1132 3829 1202 3895 quod
1222 3837 1299 3880 certo

227 3901 234 3935 ¹
249 3903 281 3952 In
298 3903 357 3953 hiat.
368 3903 414 3954 des
431 3905 725 3970 Empereurr'l'om.111.
764 3914 875 3969 statuat,
884 3922 935 3956 non
947 3906 1043 3956 trabere
1052 3905 1128 3956 dicit.

194 3993 220 4043 p.
233 3983 288 4030 1⁸5.
798 3981 810 4015 ἱ
828 3984 986 4032 lucratione
998 3982 1150 4033 encomiast.
1160 3981 1213 4032 c.l.

223 4052 232 4095 l
249 4055 320 4104 Loco
342 4069 421 4118 supra
439 4055 563 4107 iudicato.
605 4059 649 4107 Sic
669 4057 724 4108 An·
797 4057 851 4108 ¹0.
862 4059 881 4108 l.
893 4073 921 4123 p.
933 4063 990 4109 lau.
1007 4073 1047 4126 tq.

194 4129 283 4180 bertus
294 4130 403 4181 Miratur
413 4131 439 4181 in
450 4135 568 4183 auctario
588 4135 621 4183 de
640 4133 722 4199 rcrip·
