2809 4684
561 267 632 320 Ch?
665 268 717 318 lv.

547 527 651 595 che..
674 529 740 596 lv.

389 705 439 752 DE
463 703 674 754 RELIGIONE
698 705 890 756 nurnoell.

129 869 392 935 Arrrrrcurrnn
407 869 541 934 videtur
556 869 713 951 quaestio,
733 887 812 954 quae
829 869 911 933 olim
923 869 1040 952 viguit,
1057 869 1099 935 de
1115 871 1194 935 reli-

85 973 186 1055 gione
203 971 371 1054 Eutropii.
419 969 568 1034 Fuerunt
581 969 681 1047 enim,
697 970 756 1054 qui
778 969 1004 1036 Christianum
1028 972 1123 1036 illum
1142 973 1195 1037 fu-

86 1073 155 1137 isse
167 1061 355 1148 censerent,
370 1072 504 1135 adducti
523 1073 556 1134 in
574 1091 647 1134 eam
663 1073 853 1155 opinionem
871 1074 926 1137 his
940 1075 1012 1158 ejus
1027 1075 1139 1138 verbis
1154 1075 1197 1140 de

88 1173 260 1239 Julianor
294 1173 487 1254 ‘religionis
512 1169 713 1238 Christianae
741 1173 935 1251 insectator,
971 1175 1111 1258 perinde
1146 1180 1198 1242 ta·

89 1297 178 1353 men,
195 1283 232 1340 ut
246 1293 364 1338 cruore
385 1271 586 1338 abstineret!
632 1271 768 1350 Quibus
791 1275 926 1357 quidem
946 1275 1063 1339 fortius
1087 1277 1198 1343 nitun-

89 1385 141 1443 tur
154 1381 179 1443 ii
200 1380 361 1454 maxime,
380 1381 438 1460 qui
461 1378 573 1460 legunt
598 1377 922 1455 nimius...irrrectator,
946 1381 993 1444 uti
1008 1381 1110 1443 etiam
1127 1401 1199 1446 mo-

89 1483 163 1544 nuit
179 1476 408 1543 LambeciuS.²'
450 1478 518 1542 Sed
536 1480 633 1544 itaet
656 1479 813 1561 gentilem
832 1481 996 1544 hominem
1013 1488 1104 1544 recte
1120 1482 1199 1548 sen·-

90 1583 168 1646 here
179 1582 338 1666 potuisse,
350 1581 384 1642 in
396 1579 539 1644 confinio
550 1582 695 1644 maxime
708 1582 860 1646 clarioris
870 1575 957 1646 lucis
968 1585 1200 1662 coustitutum,

90 1691 125 1748 et
140 1683 339 1747 Christianae
355 1683 513 1746 doctrinae
529 1684 670 1747 veritate
687 1703 893 1766 percussum,
909 1685 1062 1767 quianon
1076 1683 1201 1748 iutelli-

92 1787 162 1868 gitl
187 1785 253 1863 Ita,
268 1785 332 1848 etsi
358 1805 539 1867 suppresso
559 1786 691 1848 nomine
715 1783 738 1848 J
742 1785 855 1862 uliani,
870 1787 1071 1849 vexationes
1087 1791 1201 1871 aperte

92 1888 200 1969 tangit
213 1887 440 1962 Themistius,⁸
455 1906 553 1969 quem
568 1904 680 1948 ornnes
696 1886 850 1966 gentilem
865 1885 971 1949 fuisse
992 1888 1115 1950 sciunt.
1152 1885 1202 1950 At

93 1987 225 2052 fuerunt
246 1985 315 2050 lere
339 1985 388 2049 illi
412 1985 561 2067 opinioni
590 1985 731 2062 addicti,
761 1986 820 2069 qui
845 1994 995 2049 nostrum
1022 1985 1202 2068 Augustini

94 2087 301 2172 discipulum
327 2087 508 2162 credidere,
537 2087 625 2148 male
653 2091 804 2169 tempora
831 2087 1011 2164 turbantes,
1038 2093 1203 2171 utsupra

94 2189 207 2254 docui.
255 2187 357 2264 Quod
372 2207 450 2251 vero
465 2187 605 2251 affirmat
620 2185 796 2264 Vossius,d
810 2189 843 2249 iu
864 2205 942 2252 cum
964 2207 1108 2252 errorem
1132 2208 1204 2253 om-

94 2309 153 2353 nes
178 2289 321 2372 impulsi
344 2293 430 2365 sunt,
458 2287 549 2370 quod
575 2287 784 2352 Gennadius
807 2287 1007 2372 Eutropium
1032 2296 1203 2367 memoret,

96 2391 153 2473 qui
168 2389 344 2472 scripserit
356 2386 443 2451 duas
458 2387 619 2470 epistolas
636 2388 879 2454 consolatorias
899 2388 942 2452 ad
966 2389 1050 2452 duas
1074 2409 1204 2454 sorores

96 2491 139 2554 ob
153 2490 344 2571 religionem
358 2486 579 2554 Christianam
600 2508 621 2551 a
644 2489 837 2572 parentibus
850 2490 1088 2554 exhaeredatas.
1133 2489 1204 2557 Sed
1313 2485 1316 2490 ’

97 2591 214 2654 eodem
230 2609 359 2654 summa
374 2587 612 2672 disputationis
626 2587 721 2654 redit.
765 2589 959 2654 Gennadius
979 2590 1067 2652 enim
1082 2589 1204 2653 Eutro-

97 2679 188 2775 piu‘m
219 2691 316 2754 illurn
345 2685 584 2776 presbyternm‘
616 2695 728 2767 vocat,
753 2697 787 2754 et
818 2689 895 2755 hinc
921 2691 966 2754 ad
994 2689 1206 2755 Gennadium

99 2799 186 2856 recte
203 2793 277 2876 jam
297 2791 425 2854 monuit
448 2787 618 2854 Aubertus
640 2789 796 2868 Mireeus,
812 2788 991 2873 Augustini
1009 2811 1085 2855 eum
1102 2791 1206 2856 disci·

100 2895 212 2976 pulum
228 2891 315 2956 male
331 2911 409 2955 cum
433 2892 591 2957 breviarii
615 2894 775 2976 scriptore
794 2893 961 2956 confundi.
1005 2891 1134 2957 Contra
1148 2893 1207 2957 ulii

101 3012 145 3058 ex
166 2994 326 3060 laudibus
349 2991 492 3060 Julieui¹
515 2995 672 3076 gentilem
697 3015 772 3058 euru
795 2993 901 3059 fuisse
931 2993 1148 3072 contendunt,
1171 2996 1207 3060 in

104 3095 216 3176 primis
240 3115 318 3160 curn
342 3097 417 3160 haec
438 3097 543 3159 verba
567 3096 746 3180 subjiciat:
771 3095 944 3160 ‘Fuerunt
961 3115 1027 3160 non
1041 3096 1133 3173 nulli,
1149 3095 1208 3178 qui

105 3195 235 3260 vulnera
248 3197 364 3278 gloriae
380 3196 452 3278 ejus
468 3194 645 3260 inferrent!
675 3196 753 3260 Hos
767 3198 855 3262 enim
870 3197 1078 3261 Christianos
1092 3195 1207 3273 fuisse,

106 3314 162 3360 nec
188 3297 223 3362 in
246 3297 366 3362 laudes
380 3295 522 3378 Juliani,
535 3297 602 3362 nisi
627 3298 794 3384 gentilem,
809 3319 850 3364 ee
872 3297 1037 3364 effundere
1058 3295 1208 3382 potuisse

603 3519 710 3572 NOTAE

139 3653 151 3680 ⁸
166 3661 191 3698 x.
202 3651 242 3698 le.
255 3647 275 3698 f.
675 3665 734 3714 cap.
746 3655 788 3701 49.

140 3721 151 3756 ὗ
165 3725 195 3774 C.
206 3726 223 3775 l.
242 3723 277 3774 cs.
289 3723 369 3776 etiarn
386 3729 477 3776 notate
495 3723 531 3774 ad
542 3725 636 3776 Eutro-
709 3725 721 3757 f
734 3723 868 3776 Fabricius
881 3723 984 3790 quidem
1005 3739 1031 3788 p.
1043 3727 1099 3774 18⁸.
1116 3721 1211 3776 deEn·

114 3797 222 3862 piiilluru
236 3801 334 3851 loeum.
678 3802 764 3866 tropio
782 3801 939 3866 presbytero
960 3801 1040 3850 etiam
1063 3798 1211 3850 Honorius!

141 3879 151 3906 ⁸
165 3875 194 3924 ln
204 3881 269 3926 orat.
287 3889 332 3926 ur.
349 3873 376 3923 iu
387 3874 489 3926 leudem
497 3875 601 3929 Jorieni
611 3891 637 3940 p.
677 3877 910 3941 Angustodnneur.
921 3877 956 3929 de
966 3877 1103 3944 scriptore
1113 3875 1210 3928 eccles.

22 3947 24 4006 ἶ
116 3957 190 4004 Mt.
678 3969 711 4005 ιι.
721 3957 762 4004 49.
773 3955 881 4019 alleget.

142 4027 153 4062 ¹
166 4030 205 4080 De
215 4029 350 4081 historicis
361 4029 460 4082 Ietinis
473 4044 503 4082 ιι.
515 4035 541 4081 8.
712 4039 726 4075 t
744 4043 770 4082 1.
781 4035 822 4082 lo.

143 4105 196 4157 'ln
216 4109 342 4174 catalogo
361 4107 499 4159 illurhlrrrn
526 4107 640 4157 virorum
