2809 4684
574 297 656 348 csr.
680 298 739 346 ιιι.
1149 281 1193 346 ll

80 437 255 520 praetorio,
278 437 324 500 ad
350 444 465 521 portes
490 436 720 520 Hembergeri,
751 438 960 521 gravioribus
983 442 1096 502 tamen
1121 457 1193 504 nro·

80 539 207 602 mentis
230 539 412 622 impulsus.
457 536 606 604 Primum
630 543 717 605 enirn
733 560 835 604 causa
847 541 998 621 epistola·
1014 539 1057 602 ad
1075 538 1193 604 Eutro-

78 639 174 720 pium
190 641 225 702 in
244 635 383 703 Codiee‘
413 641 471 704 illo
485 648 618 722 spectat
641 641 672 705 N
676 643 796 706 icaenae
820 642 896 704 tidei
916 643 1192 706 sustentationem

77 745 111 803 et
124 759 248 822 pravae
264 742 434 818 religionis
459 742 699 823 dejectionem
732 763 776 806 ex
791 763 859 826 qno
872 743 1022 818 efficitur,
1034 741 1124 824 qtrod
1139 751 1192 806 ta-

76 859 153 904 men
177 842 319 906 dnbium
343 850 406 918 est,
430 842 627 924 Eutropium
651 845 815 924 grandiori
839 849 937 908 aetate
957 843 999 906 ad
1023 845 1192 924 religionis

77 941 288 1009 Christianae
305 963 403 1009 sacru
418 965 455 1008 se
473 948 688 1010 convertisse.
734 945 891 1010 Succedit
914 945 981 1008 alia
1001 942 1190 1022 difficultas,

77 1063 179 1126 quam
198 1047 320 1129 objicit
335 1047 493 1129 temporis
509 1049 601 1112 ratio.
647 1049 773 1112 Narrat
784 1049 872 1112 enirn
885 1045 1096 1128 Αιιοιινιιιιιει
1119 1046 1190 1123 ille,

78 1143 283 1228 Eutropium
308 1154 469 1226 nostrum,
495 1149 552 1231 qui
574 1148 747 1212 Julianum
770 1150 951 1212 comitatus
972 1156 1043 1211 erat
1064 1149 1106 1211 ad
1120 1148 1191 1211 bel-

76 1245 147 1308 lum
175 1247 365 1323 Persicum,
392 1268 467 1312 cnm
490 1250 564 1312 aliis
589 1251 789 1332 quibusdam
813 1256 969 1314 accurate
986 1249 1188 1331 exposuisse

78 1347 119 1410 de
148 1347 465 1430 Constantinopolis
499 1352 737 1428 exstructione,
767 1359 803 1414 et
836 1370 1000 1434 exponere
1027 1351 1189 1432 potuisse,

78 1449 158 1530 qula
174 1452 277 1513 l'uerll
289 1449 387 1526 θιατὴς
402 1451 450 1512 καὶ
463 1449 603 1538 συνίστωρ
615 1458 670 1514 τῶν
683 1451 748 1514 re'rr
762 1452 955 1538 πραχθέντων.
1001 1453 1043 1516 Et
1058 1453 1108 1515 sic
1123 1451 1190 1516 Co·

76 1547 195 1612 (linus¹¹
222 1549 420 1633 Eutropium
438 1551 576 1628 αὐτόπτην
593 1561 647 1615 τῶν
660 1559 814 1628 τηνικαῦτα
831 1554 1011 1640 πραχθέντων
1022 1555 1127 1618 luisse
1138 1552 1189 1616 sf-

77 1649 201 1715 firmet.
246 1651 374 1715 Eodem
396 1672 476 1717 vero
501 1661 649 1737 tempore
669 1656 886 1720 Constantino
913 1657 963 1719 Μ.
976 1659 1020 1719 ab
1034 1655 1188 1738 epistolis

77 1749 184 1814 fuisse
197 1751 338 1830 videtur,
355 1755 447 1837 quio,
470 1755 548 1817 dum
570 1757 719 1837 singulos
740 1758 829 1820 illius
849 1761 897 1822 rei
913 1765 1023 1834 testes,
1039 1777 1123 1842 quos
1137 1775 1188 1820 re·

79 1860 229 1930 censent,
255 1854 326 1916 suis
346 1855 561 1936 dignitatibus
581 1858 772 1940 insigniunt,
787 1860 878 1922 illam
892 1866 1004 1923 nostro
1026 1861 1187 1925 tribuunt.

79 1952 183 2031 Quod
194 1955 224 2016 si
240 1955 341 2035 igitur
357 1955 543 2039 Eutropius
558 1964 669 2024 noster
683 1978 771 2023 auno
782 1960 858 2035 330,
870 1980 939 2041 quo
954 1959 1189 2024 Constantino-

78 2056 188 2137 polim
204 2055 372 2119 couditum
389 2075 463 2120 esse
474 2064 616 2135 constat,
629 2079 787 2124 annorum
801 2062 864 2124 luit
877 2061 933 2137 30,
947 2059 1037 2142 quod
1053 2058 1187 2143 quidem

78 2158 157 2239 poni
190 2157 366 2220 commode
387 2161 520 2239 poterit,
543 2160 631 2237 inde,
656 2162 783 2226 omisso
810 2179 950 2224 numero
979 2160 1186 2236 centenario,

77 2259 150 2324 lraec
166 2259 282 2324 aetatis
308 2259 383 2342 ejus
405 2259 492 2322 ratio
517 2260 618 2323 facile
644 2265 779 2326 existit:
811 2261 991 2343 Eutropius
1006 2259 1188 2344 proconsul

80 2359 175 2424 Asiae
192 2367 293 2426 natus
307 2360 371 2426 tuit
389 2381 494 2426 annos
507 2361 562 2426 73.
588 2363 772 2446 preelectus
784 2364 944 2446 praetorio
954 2381 1062 2424 annos
1077 2363 1132 2425 81.
1148 2368 1186 2424 et

79 2463 106 2524 si
133 2463 223 2526 idem
245 2463 364 2527 consul
385 2461 448 2528 tuit
470 2464 505 2526 in
527 2460 664 2528 Oriente
686 2483 718 2528 a.
739 2462 818 2528 387.
846 2483 923 2528 curn
946 2463 1002 2527 Va
1015 2464 1185 2527 entiniano

80 2579 135 2627 ιιι.
147 2569 183 2627 et
197 2569 280 2646 post
292 2583 322 2628 a.
333 2563 409 2630 399.
424 2566 473 2628 uti
485 2571 582 2648 putat
596 2563 846 2644 Gothosredus‚i
876 2585 949 2630 eam
965 2567 1096 2629 aetatem
1110 2563 1186 2627 utti-

79 2665 137 2745 git,
153 2683 233 2748 quae
248 2671 283 2729 et
297 2666 375 2748 ipsa
387 2673 439 2732 est
462 2667 609 2746 insolita,
634 2675 667 2732 et
693 2668 897 2732 sustinendis
915 2667 1060 2748 negotiis
1084 2664 1184 2748 plane

79 2767 195 2850 impar.
241 2767 429 2832 Miscentur
450 2770 551 2850 igitur
573 2771 623 2834 sic
645 2771 771 2834 diversi
795 2769 959 2852 Eutropii,
975 2775 1010 2832 et
1024 2769 1058 2831 in
1083 2782 1185 2830 unum

80 2876 312 2950 congeruntur,
326 2870 526 2954 quasplures
541 2872 607 2935 sibi
622 2877 712 2937 recte
724 2872 907 2936 vindicant.
939 2867 1040 2946 Quod
1054 2868 1185 2930 sienim

79 2969 181 3049 detur,
204 2977 352 3037 nostrum
368 2974 471 3038 inisse
494 2975 590 3040 Asiae
613 2977 897 3060 proconsularem,
922 2976 982 3039 vix
1004 2981 1115 3038 tamen
1136 2969 1182 3034 ad

81 3071 171 3138 illurn
194 3075 338 3156 pertinet
361 3075 561 3157 praefectura
595 3079 765 3159 praetorio,
787 3078 892 3141 multo
914 3077 1024 3139 minus
1045 3077 1184 3155 uterque

81 3176 283 3252 consulatus,
308 3194 406 3259 quem
429 3177 515 3240 mele
541 3177 717 3242 confundit
739 3176 979 3253 Gotbol'redus‚
1004 3180 1041 3237 ut
1067 3175 1183 3236 contre

81 3273 171 3338 illum
199 3277 382 3342 docuerunt
409 3273 919 3345 'I'illemontiusletRittetus.'1
962 3274 1071 3354 Quem
1095 3273 1182 3336 enirn

83 3373 259 3441 consulem
276 3397 307 3442 a.
324 3377 365 3443 G.
380 3377 458 3442 399.
494 3378 646 3446 Arcadio
669 3383 854 3465 imperante
874 3379 1061 3463 producunt
1075 3375 1183 3457 scrip·

83 3481 178 3557 tores,
193 3478 258 3543 suit
272 3481 302 3544 is
318 3479 503 3546 Eunuchus
518 3483 574 3548 ille
597 3484 866 3562 scelestissimus,
880 3483 914 3546 in
929 3497 1030 3565 quem
1044 3475 1183 3560 scripsit

578 3715 685 3768 NOTAE
775 3727 779 3732 ·

117 3829 126 3863 ι

117 3837 303 3978 'illinitum
327 3911 495 3964 constantin.
515 3913 562 3965 lib.
587 3925 609 3964 ι.
651 3837 810 3960 α’ξ’ῐιιιιίιι.
826 3908 875 3959 der
896 3907 1055 3972 superare
1073 3907 1183 3960 rm.

86 3987 279 4130 Ἢονιίςίιι.
292 4065 434 4116 aurunt,
447 4068 508 4129 pt.
648 3989 914 4128 plililraepessr.
940 4060 1007 4112 cod.
1033 4059 1132 4112 need.
1155 4075 1183 4126 p.

113 4135 159 4190 'ln
185 4155 341 4208 prosopqr.
374 4139 442 4190 Cod.
476 4137 607 4191 Theudae.
649 4141 691 4190 t!-
