2809 4684
192 261 238 326 26
615 279 663 326 nn
688 278 876 327 auruomo

192 420 358 485 transferri
379 425 536 504 possunt.
583 421 626 484 In
646 422 755 505 primo
774 427 884 486 tamen
906 421 983 486 loco
1001 420 1155 506 ponenda
1174 421 1231 486 hic
1245 429 1299 487 est
1396 502 1397 521 ἢ

192 521 321 586 historio
335 521 479 601 mucello,
503 543 581 608 quaa
599 523 753 608 Eutropii
769 524 944 590 historiam
963 543 1031 589 non
1051 523 1163 587 solum
1177 523 1297 588 iisdem
1396 538 1397 545 ’

191 624 314 701 verbis,
339 627 401 690 etsi
422 625 489 688 alia
502 625 609 690 multa
632 627 817 691 assuat'vel
838 628 1024 702 interierat,
1047 624 1167 702 reddit,
1189 625 1251 690 sed
1264 632 1298 690 et

193 726 237 789 ab
261 726 358 790 initio
384 732 483 809 auget
508 735 543 791 et
570 726 615 792 ad
637 729 798 793 ulteriora
824 735 977 812 tempora
999 727 1219 812 persequitur.
1263 725 1298 791 A

189 826 281 892 Jano
296 830 394 907 enim,
407 849 507 912 quern
521 829 665 912 primum
683 829 767 893 facit
786 827 896 894 Italioe
918 847 1039 911 regem,
1055 827 1241 906 exorditur,
1263 835 1298 894 et

190 929 227 992 in
242 931 350 1012 primo
366 951 452 994 anno
468 929 687 1013 Imperatoris
703 930 828 994 Leonis
843 929 982 994 Armeni
997 930 1162 995 subsistit.
1201 929 1299 994 Errat
1397 974 1398 1017 ἰ

191 1032 292 1114 igitur
306 1031 481 1109 Gruterus,
504 1031 557 1096 vel
572 1049 745 1115 perperam
760 1051 924 1095 excusum
936 1037 989 1095 cst
1010 1030 1047 1094 in
1059 1031 1210 1096 historias
1223 1029 1297 1096 Au-

190 1141 299 1216 gusta
314 1134 532 1217 scriptoribus
548 1133 730 1197 minorihus
748 1131 892 1209 Latinis,
914 1134 950 1196 in
965 1133 1103 1215 quihus⁶
1122 1134 1298 1199 historiam
1397 1138 1398 1145 ’

190 1235 371 1300 miscellam
383 1236 426 1300 ad
438 1255 560 1300 annum
568 1235 758 1300 Dominicoe
767 1236 1004 1300 incarnationis
1012 1234 1089 1300 706.
1101 1235 1298 1317 perductam

190 1355 266 1401 esse
290 1337 416 1402 scribit.
461 1337 581 1402 Sedet
604 1337 694 1421 quod
717 1333 790 1401 aliid
812 1337 953 1401 referunt
966 1336 1010 1400 ad
1025 1355 1147 1400 annum
1160 1336 1239 1402 8⁰6.
1255 1337 1299 1402 dc

190 1457 260 1504 aera
273 1436 513 1518 Alexandrina,
529 1459 629 1523 quam
645 1442 796 1524 sequitur
809 1439 1031 1522 Theophanes
1045 1439 1187 1522 ejusque
1198 1440 1299 1504 iuter·
1398 1432 1399 1439 '

189 1559 268 1622 pres
283 1538 498 1619 Anastasius,
523 1543 662 1624 intelligi
676 1542 787 1607 dehet.
834 1540 923 1620 Qum
948 1559 1025 1604 cum
1047 1560 1070 1605 a
1085 1540 1299 1624 Dionysiana

189 1642 221 1706 7.
237 1643 334 1705 annis
349 1643 528 1728 discrepet,
547 1645 671 1709 usitata
687 1644 824 1725 quidem
844 1647 879 1706 et
899 1646 1035 1724 recepta
1048 1641 1176 1706 rationo
1189 1661 1299 1706 annus

188 1743 397 1824 reponendus
410 1747 475 1808 erit
487 1744 564 1810 813.
609 1743 693 1827 ipsa
719 1751 833 1808 autem
856 1743 976 1807 sortita
997 1749 1050 1808 est
1074 1742 1140 1808 hoc
1163 1761 1296 1820 nomen,

189 1845 268 1926 quia
282 1865 325 1910 ex
339 1846 442 1911 variis
457 1848 648 1912 auctoribus
670 1847 811 1911 collecta
831 1851 864 1910 et
885 1865 930 1910 ax
944 1845 1101 1929 partibus
1115 1847 1295 1912 commista
1399 1924 1400 1931 χ

188 1948 224 2012 in
248 1967 351 2012 unum
375 1949 472 2032 quasi
496 1950 642 2014 historiae
672 1967 797 2032 corpus
821 1949 954 2030 redigit.
1011 1945 1196 2012 Auctorem
1220 1948 1297 2032 ejus
1399 1968 1400 1971 ¹

188 2049 339 2134 plerique
354 2051 651 2116 faciuntPaullum
664 2050 943 2127 Wameiridum,⁶
956 2051 1010 2115 rel
1020 2051 1142 2114 rectius
1152 2048 1299 2114 Warne·

187 2150 278 2228 iridi,
306 2171 353 2216 sc.
380 2153 497 2230 filium,
523 2173 633 2236 quem,
660 2155 741 2238 qnia
770 2153 881 2218 Caroli
910 2151 962 2216 M.
991 2156 1091 2216 aetate
1117 2150 1297 2216 Diaconos

188 2248 416 2336 Aquileiensis
431 2255 506 2332 suit,
530 2255 633 2320 immo
658 2254 764 2321 fuisse
778 2255 882 2336 vulgo
905 2258 1051 2337 putatur,
1074 2253 1176 2334 vulgo
1191 2253 1297 2317 etiam

187 2351 341 2418 Paullum
359 2355 547 2420 Diaconum
561 2363 693 2422 vocant.
740 2357 849 2421 Pauci
863 2357 950 2419 enim
973 2355 1009 2418 in
1028 2374 1070 2418 eo
1085 2354 1295 2434 dissentiunt,
1400 2356 1401 2359 ’

186 2453 221 2519 in
235 2456 360 2538 quihus
375 2457 430 2521 Du
443 2453 534 2534 Pin,f
545 2459 604 2542 qui
615 2456 787 2522 Anastasii
799 2477 903 2540 opera
917 2475 993 2522 eam
1007 2456 1193 2520 confectam
1204 2457 1296 2520 arhi-

187 2562 301 2634 tratur,
317 2561 379 2622 etsi
394 2579 415 2622 a
428 2558 548 2624 Paullo
558 2559 760 2642 Eutropium
771 2565 905 2623 auctum
916 2559 1022 2623 fuisse
1032 2557 1166 2622 minime
1179 2566 1295 2640 negat,

187 2664 220 2721 ct
240 2657 428 2735 Batonius,¹
442 2659 500 2743 qui
514 2659 712 2743 Theophani
724 2661 886 2724 attribuit.
918 2659 1024 2724 Falso
1038 2667 1186 2741 uterque.
1219 2658 1297 2724 Etsi

186 2759 275 2822 cuim
285 2756 434 2824 Vossius
446 2760 626 2838 contendit,
637 2760 823 2826 Baronium
831 2767 909 2845 post
919 2763 1117 2827 Frontonem
1126 2760 1294 2826 Duooeuru

186 2859 221 2924 id
230 2878 296 2924 non
309 2860 350 2925 de
366 2865 437 2927 tota
447 2861 586 2926 historia
598 2861 749 2926 miscebo
757 2861 1012 2946 judicasse,sed
1026 2862 1069 2927 de
1079 2862 1155 2947 ejus
1165 2869 1297 2945 postre-

184 2961 250 3031 mis
274 2962 380 3040 libris,
406 2965 484 3047 ipsa
509 2970 621 3028 tamen
647 2965 788 3030 Baronii
812 2966 916 3053 verba
939 2983 1014 3029 eam
1039 2964 1294 3030 excusationem

557 3183 560 3188 ’
682 3203 794 3256 uera

217 3362 227 3388 ²
244 3355 276 3404 P.
287 3359 344 3408 771.
758 3375 801 3410 rua
812 3359 846 3408 ad
864 3360 973 3410 Petrum
982 3358 1129 3412 Diaconum
1148 3358 1295 3412 devirisil·

215 3429 333 3480 ‘Veluti
349 3433 467 3484 canisius
481 3434 633 3485 ineditione
652 3437 716 3502 rjus,
755 3439 831 3488 lustr.
863 3435 1047 3486 casinensibus
1068 3448 1092 3484 c.
1104 3439 1130 3484 8.
1163 3435 1293 3488 flamber-

184 3505 317 3556 Fabricius
335 3507 362 3556 lu
381 3505 443 3557 bibl.
455 3509 549 3559 Latina
559 3524 582 3560 a.
594 3510 611 3560 l.
623 3525 648 3574 p.
661 3515 716 3561 184.
757 3527 834 3578 garns
845 3512 871 3561 ia
884 3511 1046 3560 Nuelrielm
1056 3525 1102 3559 aas
1113 3511 1160 3559 dea
1170 3515 1294 3562 mun·

182 3582 345 3646 verheykiua
357 3584 383 3634 iu
395 3583 499 3648 praefat.
518 3585 551 3636 ad
569 3585 678 3651 Eutrap.
689 3602 716 3652 p.
756 3594 808 3638 stes
820 3586 1010 3646 Menam
1018 3587 1090 3636 Tora.
1102 3599 1146 3636 ιιι.
1158 3601 1185 3650 p.
1194 3590 1254 3640 888.
1263 3596 1292 3640 et

184 3664 215 3712 14
220 3686 261 3708 .-
757 3663 849 3712 Sarius
860 3662 887 3712 in
898 3660 1071 3712 Onomastico
1082 3660 1201 3712 literaria
1219 3664 1292 3714 Tora.

214 3742 225 3768 ⁸
250 3737 293 3785 De
312 3735 405 3786 Paullo
420 3737 539 3788 Diacouo
558 3737 717 3790 dissertatio·
756 3753 788 3790 ιι.
804 3753 832 3802 p.
841 3743 882 3788 80.

182 3823 241 3859 narn
270 3811 374 3873 scripsit
400 3812 433 3862 (1.
461 3811 594 3874 Mollerus,
620 3813 716 3864 Altorf.
789 3811 844 3864 'lu
856 3813 1013 3865 bibliotheca
1022 3822 1123 3866 auctor.
1142 3817 1290 3871 ecclesiast.

182 3893 256 3939 1888.
268 3893 293 3938 4.
328 3887 410 3951 Alios,
432 3889 476 3954 qni
495 3887 529 3937 ds
545 3889 603 3952 ejus
621 3889 715 3939 ritaet
754 3891 828 3941 'l'om
839 3904 877 3940 vr.
887 3905 913 3955 p.
924 3894 981 3941 114.

180 3964 255 4014 libris
265 3973 451 4028 exposuerunt,
470 3965 650 4017 indicaverunt
662 3965 716 4016 Na-
786 3974 800 4010 s
816 3967 848 4016 ln
858 3967 992 4018 naualibus
1004 3967 1038 4017 ad
1049 3981 1109 4020 anu.
1119 3974 1179 4021 718.
1189 3977 1219 4021 at
1229 3975 1287 4023 748.

182 4038 241 4090 talis
257 4039 407 4090 Alexander
424 4041 451 4089 in
462 4039 522 4092 hlat.
533 4043 627 4093 eccles.
641 4042 715 4093 Tou.
755 4041 791 4094 af.
810 4043 984 4093 bellarminus
1002 4044 1037 4094 da
1047 4047 1185 4112 scriptun.
1196 4049 1291 4103 eccles.

182 4127 209 4165 ι.
217 4129 277 4166 areo.
287 4119 313 4167 8.
327 4129 386 4181 cap.
397 4117 422 4166 8.
433 4121 483 4167 art
491 4120 518 4168 8.
526 4131 552 4182 p.
564 4120 622 4168 881.
657 4115 715 4166 hia·
755 4119 827 4188 (Col.
837 4116 922 4185 1884.)
938 4135 965 4184 p.
977 4123 1033 4172 148.
