2809 4684
609 251 692 302 our.
718 249 777 301 ur.
1215 237 1239 304 7

131 389 281 456 Orientis
295 391 395 456 bellis
407 391 606 470 interfuisse,
622 413 731 476 neque
747 393 906 458 Graecnm
919 392 1042 472 videat,
1057 409 1122 458 sue
1131 391 1243 478 potius

127 493 243 573 lingua
269 493 314 556 ad
348 493 588 578 Imperatorem
618 495 652 558 iu
685 493 836 559 Orientis
876 497 1027 579 partibus
1056 500 1241 560 versantem

128 596 337 678 scripturum
352 597 465 671 fuisse,
483 613 582 678 quarn
598 597 768 678 incognita
782 599 868 660 mele
882 599 1045 660 usurum‘l
1090 594 1137 660 At
1150 595 1243 662 Iati-

127 713 206 759 nam
219 698 370 776 linguam
385 698 469 761 bene
483 699 639 762 calluisse
655 697 867 782 Eutropium,
883 705 917 764 et
931 705 1057 763 tuntum
1071 719 1115 764 ex
1132 699 1243 763 aetetis

130 815 204 861 snae
219 799 299 861 labe
316 819 455 882 aspersa
466 797 581 882 eliqua
595 800 751 876 traxisse,
767 801 843 882 ipse
869 799 953 863 liber
975 800 1097 882 poterit
1111 800 1242 863 docere.

130 897 177 962 At
202 901 237 960 in
254 899 309 962 his
324 909 473 965 evertere
489 903 541 964 vel
554 902 757 966 labefactare
772 903 884 983 posita
906 901 1040 965 facilins
1055 907 1118 978 est,
1141 919 1244 985 quum

131 1001 297 1078 stabilire,
329 1007 386 1064 aut
423 1002 568 1066 firmiora
592 1005 727 1084 erigere,
756 1009 794 1066 et
817 1007 931 1066 nostre
956 1007 1054 1066 aetate
1081 1001 1244 1065 Graecum

130 1103 258 1184 potine,
274 1123 375 1184 quarn
391 1102 515 1166 Italum
530 1105 658 1166 censuit
669 1104 769 1166 etiam
783 1103 920 1166 Saxius.
968 1103 1035 1166 Sed
1046 1105 1170 1166 omissa
1180 1102 1244 1165 hac

131 1201 374 1284 disputatione,
396 1204 483 1267 unde
503 1211 597 1266 certa
618 1204 696 1266 elici
720 1223 787 1266 non
804 1209 959 1286 possunt,
976 1203 1064 1286 quod
1088 1203 1129 1266 de
1143 1203 1244 1266 unico

130 1305 267 1366 nomine
295 1305 427 1368 notavit
450 1303 607 1380 Vinctus,
630 1305 825 1368 confirmare
853 1303 888 1366 id
911 1303 1067 1366 videntur
1090 1303 1245 1386 Eutropii

132 1401 280 1467 Codices
302 1406 504 1488 aliorumque
527 1406 746 1468 narrationes.
793 1399 898 1465 Flauii
926 1405 1015 1467 enirn
1040 1421 1243 1485 praenomen,

132 1504 223 1586 quod
239 1507 342 1586 vulgo
366 1504 504 1581 addunt,
528 1504 673 1568 accessit
695 1505 895 1567 auctoritate
910 1503 1025 1566 Caroli
1041 1501 1190 1591 Sigonii⁰
1212 1508 1247 1566 et

134 1605 286 1669 Baltlres.
312 1605 510 1682 Bonifacii,¹‘
537 1606 586 1668 uti
601 1606 702 1670 etiem
724 1606 877 1686 agnoscit
893 1593 1076 1666 Fabricius.
1121 1602 1245 1688 Neque

132 1713 242 1770 tumen
269 1713 391 1770 temere
418 1706 545 1770 iactum
568 1693 718 1770 videtur,
755 1704 965 1788 Praeponitnr
988 1705 1076 1768 enirn
1097 1703 1182 1768 illud
1207 1705 1244 1768 in

132 1807 230 1872 fastis
241 1807 410 1891 Eutropio
425 1810 562 1886 consuli,
580 1813 613 1872 et
627 1803 713 1872 sorte
725 1825 770 1870 ex
784 1804 1077 1871 Constantinornm
1088 1812 1185 1888 gente
1200 1806 1245 1870 ab

135 1907 299 1992 Eutropia
327 1909 435 1974 fluxit.
479 1907 513 1973 A
535 1906 646 1973 lleor'o
667 1914 791 1987 tamen,
806 1910 837 1973 si
849 1929 964 1974 rerum
984 1911 1029 1974 sit
1043 1925 1246 1992 praenomen,

135 2009 334 2094 adoptatum
347 2030 423 2075 eurn
437 2011 545 2076 luisse
556 2016 655 2095 putat
670 2010 809 2074 Saxins.

589 2225 696 2292 cAP.
730 2225 801 2292 111.

313 2393 362 2441 DE
387 2391 566 2442 EUTROPll
591 2393 681 2443 vm
707 2393 913 2456 REBUSQUE
938 2393 1081 2443 GESTlS.

176 2513 234 2576 An
258 2511 386 2594 origine
410 2512 486 2595 ejus
512 2519 546 2577 et
571 2513 683 2596 patrie
706 2513 903 2596 progredior
927 2512 971 2576 ad
999 2512 1103 2576 vitam
1129 2526 1248 2592 resque

136 2619 258 2698 gestas,
278 2613 322 2678 de
347 2615 471 2697 quibus
489 2615 625 2699 quidem
641 2635 742 2698 parce
764 2621 798 2678 et
820 2616 974 2690 strictim,
988 2613 1113 2676 diserte
1126 2615 1248 2687 tamen,

135 2715 320 2798 loquuntur
334 2721 501 2780 unctores.
546 2716 711 2780 Constant
725 2723 837 2780 autem
865 2716 936 2779 fere
958 2713 1051 2779 haec:
1085 2711 1166 2776 Fuit
1191 2711 1249 2772 irr-

136 2815 339 2900 πολογράφος
355 2815 576 2894 Constantini,
591 2817 642 2880 uti
657 2815 758 2880 refert
779 2813 976 2899 Anonymns
990 2815 1025 2878 in
1039 2810 1249 2896 antiquitati·

137 2918 198 2982 bus
212 2915 622 3000 Constantinopolitanis.·
667 2914 771 2994 Quod
794 2915 929 3000 quidem
952 2912 996 2978 ad
1009 2924 1160 2978 nostrum
1173 2930 1250 2994 per-

139 3019 252 3096 tinere,
268 3017 445 3082 indubium
466 3017 595 3082 faciunt
609 3019 714 3082 verbe
727 3016 885 3101 adjecta:
908 3018 1044 3097 σοφιστὴς
1064 3013 1113 3075 καὶ
1137 3015 1150 3073 ὁ
1171 3035 1248 3093 συμ-

139 3117 230 3206 raperis
247 3123 294 3206 τῷ
314 3117 470 3204 παραβᾶτῃ
489 3120 637 3201 ’iconatui
659 3121 686 3182 ἐν
707 3115 835 3204 Περσίδι,
861 3120 989 3202 quippe
1014 3136 1092 3200 quae
1114 3115 1157 3176 de
1175 3115 1250 3198 eju!

140 3221 354 3304 expeditione
367 3221 403 3283 in
418 3219 541 3284 Persas
555 3216 772 3303 intelligendu
785 3238 872 3296 esse,
892 3221 947 3282 cui
969 3215 1116 3308 interfuit
1130 3213 1252 3280 Eutro-

142 3323 228 3405 pius,
243 3340 287 3386 ex
312 3321 423 3406 ipsius
449 3322 634 3386 narratione
657 3319 821 3407 apparet.b
865 3320 961 3385 ldem
992 3317 1112 3381 iisdem
1136 3315 1249 3380 verbis

140 3442 218 3488 usus
232 3427 378 3488 testetur
393 3420 571 3502 Coenus:
592 3423 656 3488 etsi
675 3423 727 3488 ibi
747 3423 849 3506 vulgo
862 3422 948 3488 mele
973 3420 1182 3491 Κωνσταιτῑιος
1202 3416 1250 3482 le·

635 3633 743 3688 NOTAE

172 3769 242 3820 ‘De
262 3765 397 3818 historici·
415 3778 441 3816 n.
459 3769 500 3816 17.
517 3766 543 3816 Ιιι
561 3763 674 3816 liuberti
713 3763 892 3816 cellen'l'om.
903 3777 949 3834 ιιι.
962 3767 1039 3815 ult.
1050 3768 1147 3828 psit.

142 3844 310 3896 nlreellneis
328 3840 462 3891 historicis
482 3841 558 3892 Tum.
578 3853 623 3892 ιιι.
645 3855 673 3906 p.
746 3841 806 3950 21³.
818 3845 849 3966 1.l
850 3841 930 3966 tibi:
942 3855 968 3905 p.
979 3845 1004 3891 t.
1015 3839 1136 3892 seven.

143 3924 231 4047 nilo
255 3993 394 4059 excerpti·
411 3992 445 4043 tle
457 3993 582 4044 Romane
596 3993 676 4043 hieto·
748 3999 760 4028 ⁸
775 3927 820 4043 iis
830 3949 923 4056 crisin:
932 3991 1094 4042 Constantia.
1106 4003 1133 4054 p.
1145 3987 1246 4040 even.

140 4073 182 4126 rie
191 4072 378 4140 scriptoribus.
395 4069 488 4120 virilu
499 4070 607 4120 liuberti
615 4068 675 4119 nris-
